3148 4802
778 373 819 436 3.

303 580 405 643 Plane
429 586 641 644 commutatae
665 589 758 644 erant
780 601 832 644 res
855 581 912 644 illo
935 587 1089 662 tempore,
1121 601 1182 661 quo
1205 581 1378 645 secundum

195 685 275 748 illud
298 704 378 766 opus
402 684 495 746 nobis
518 691 741 748 conservatum
765 685 799 747 in
821 685 925 748 lucem
940 683 1070 765 prodiit.
1117 683 1223 748 Taciti
1246 684 1378 747 annales

196 794 251 850 aut
278 787 453 868 penultimo
482 787 537 848 aut
565 786 675 850 ultimo
705 788 839 870 Trajani
876 787 1032 869 principis
1066 807 1150 853 anuo
1184 786 1264 849 editi
1295 791 1377 849 sunt.

196 889 288 966 Quod
312 889 394 951 haud
419 889 512 951 dubie
536 888 669 953 Carolus
692 890 922 973 Nipperdey
956 889 1188 952 demonstrarit
1220 888 1253 950 in
1286 909 1378 970 prae·

196 993 316 1054 satione
340 1012 397 1054 sua
419 992 460 1054 ad
483 992 657 1056 editionem
674 994 878 1057 Taciteorurn
902 992 1064 1055 annalium
1079 992 1377 1055 Weidmannianam

103 1103 105 1108 '
196 1095 373 1177 praemissa
407 1094 527 1178 (Berol.
564 1095 639 1158 edit.
674 1097 731 1175 lV,
767 1097 897 1160 Toml
930 1093 1209 1178 MDOOCLXIV).
1255 1095 1377 1158 Auctor

196 1199 278 1260 enirn
301 1198 371 1280 ipse
386 1199 427 1278 II,
451 1197 492 1260 47
516 1198 594 1262 dicit
617 1204 683 1260 tum
705 1199 871 1281 imperimn
887 1197 1064 1261 Romanum
1087 1198 1256 1261 maximum
1279 1198 1376 1260 fuisse

194 1301 412 1383 latissimeque
435 1301 588 1383 patuisse.
633 1300 702 1364 Nee
725 1302 837 1364 mirum
861 1307 919 1381 est,
955 1302 1039 1382 quod
1068 1302 1109 1365 ob
1131 1301 1214 1364 hanc
1237 1319 1305 1363 rem
1327 1320 1375 1363 su-

193 1403 307 1484 perbia
330 1403 486 1484 quaedam
508 1405 626 1467 nobilis
650 1405 774 1469 auctori
797 1411 909 1468 nostro
925 1405 1060 1488 propria
1076 1411 1134 1467 est.
1169 1403 1237 1467 Nee
1253 1405 1374 1484 mirum,

195 1506 221 1569 si
243 1507 387 1588 priorum
410 1507 592 1587 Caesarum,
630 1509 682 1588 qui
705 1514 840 1590 propter
861 1508 988 1591 imperii
1011 1508 1090 1570 fines
1113 1506 1299 1570 difficillime
1323 1507 1375 1568 de·

194 1610 372 1672 fendendos
395 1611 469 1692 paci
492 1611 672 1690 studebant,
698 1611 833 1674 consilia
856 1617 921 1672 tam
944 1610 1062 1674 aeriter
1085 1629 1258 1692 aggressus
1283 1615 1341 1674 est.

301 1729 385 1792 Fere
420 1729 533 1792 eodem
568 1737 657 1792 certo
692 1731 786 1793 modo
821 1731 861 1793 de
888 1730 1105 1794 Suetonianae
1138 1730 1224 1793 ritae
1252 1729 1375 1793 Tiberii

196 1838 339 1913 tempore
356 1831 506 1912 judicare
522 1851 699 1914 possumus.
738 1835 820 1898 Tres
843 1834 928 1896 inter
951 1854 1061 1912 annos,
1086 1833 1228 1914 quintum
1251 1839 1374 1896 sextum

194 1935 360 2016 septimum
395 1935 594 2018 principatus
621 1936 781 2000 Hadriani
817 1957 896 2020 opus
930 1937 1009 2000 illud
1042 1936 1075 1998 in
1108 1936 1211 2000 lucem
1244 1934 1373 2018 prodiit,

192 2037 278 2100 inter
300 2043 365 2101 tres
389 2037 461 2102 illos
490 2059 601 2119 annos,
637 2041 749 2121 quibus
778 2041 811 2104 C.
836 2040 995 2123 Septicius
1023 2038 1136 2102 Clarus
1169 2038 1375 2122 praefectura

190 2141 277 2203 urbis
301 2142 425 2205 functus
449 2149 508 2206 est,
554 2141 646 2220 Quod
679 2143 860 2207 Ludovieus
894 2142 994 2208 Roth
1027 2143 1060 2205 in
1082 2141 1285 2225 praefatione
1309 2141 1373 2203 adi·

190 2243 286 2306 tionis
303 2244 547 2308 Teubncrianae
573 2247 659 2328 (pag.
677 2247 870 2325 Vll-IX.)
895 2247 984 2310 clare
1008 2246 1165 2328 exposuit.
1198 2243 1373 2307 Reichau

191 2347 318 2427 quidem
334 2336 420 2430 (pag.
428 2346 522 2430 VIII)
539 2349 621 2412 hane
638 2349 831 2413 sententiam
846 2349 961 2412 falsam
977 2367 1048 2411 esse
1064 2348 1173 2428 voluit,
1191 2346 1249 2410 sed
1265 2345 1371 2408 verbis

191 2454 304 2510 eontra
327 2449 428 2512 dietis
444 2450 520 2512 mihi
541 2470 607 2512 non
629 2469 818 2531 persuasum
841 2457 890 2513 est
905 2450 1056 2514 Rotlrium
1079 2470 1215 2513 errasse.
1260 2448 1372 2531 Neque

191 2550 411 2613 Sehroeder
428 2551 515 2632 (pag.
523 2551 651 2634 XVIII)
668 2552 803 2615 meliora
818 2553 979 2634 proponit,
997 2553 1109 2634 quibus
1125 2553 1180 2615 ille
1196 2552 1372 2615 refellatur.

117 2661 118 2664 ’
189 2651 306 2715 Editae
328 2653 426 2734 igitur
449 2660 522 2717 sunt
544 2653 759 2718 Suetenianae
793 2655 879 2718 vitae
913 2655 1004 2718 anuis
1038 2675 1135 2736 supra
1169 2655 1371 2718 enumeratis.

193 2754 327 2831 Quando
351 2757 567 2838 composuerit
590 2777 669 2839 opus
693 2778 783 2820 suum
806 2763 927 2836 auctor,
951 2757 1106 2820 hocloco
1129 2773 1285 2838 quaerere
1308 2776 1373 2819 non

190 2863 334 2920 nostrum
357 2865 415 2933 est,
450 2860 508 2923 sed
540 2866 655 2942 postea
686 2861 725 2923 de
748 2862 808 2924 hae
831 2881 868 2924 re
890 2861 1064 2942 loquemur.
1111 2860 1241 2924 Tacitus
1275 2859 1373 2941 igitur

136 3005 137 3008 κ
190 2969 222 3024 θῖ
234 2961 404 3025 Suetonius
420 2962 488 3026 fere
505 2970 631 3027 centum
647 2965 738 3026 annis
754 2969 829 3046 post
841 2964 1006 3028 Tiberium
1022 2964 1229 3046 scripserunt.
1257 2962 1371 3043 Itaque

189 3063 314 3127 facilius
338 3066 406 3129 sine
428 3067 478 3129 ira
501 3075 533 3130 et
556 3069 661 3130 studio
678 3069 828 3149 judicare
851 3074 1032 3152 potuerunt,
1071 3068 1100 3131 si
1132 3067 1210 3131 satis
1238 3067 1372 3131 fontium

189 3167 389 3250 diversisque
413 3171 595 3234 auctoribus
618 3172 668 3234 usi
688 3178 804 3235 essent.

295 3271 451 3335 Ducentis
475 3279 581 3336 autem
604 3275 696 3343 annis
719 3281 793 3356 post
815 3295 877 3355 res,
903 3296 980 3357 quas
1004 3276 1094 3339 libris
1117 3275 1372 3339 LVII-LVIII

188 3374 368 3456 descripsit,
404 3374 507 3438 Cassii
540 3376 653 3440 Dionis
688 3376 815 3460 irrepta
841 3373 1005 3462 Ῥωμαϊκὴ
1037 3379 1071 3442 in
1104 3379 1207 3442 lucem
1239 3378 1370 3461 prodiit,

187 3477 373 3541 Alexandro
397 3477 518 3543 Severo
542 3479 689 3562 principe
713 3501 793 3563 opus
817 3501 906 3544 suum
929 3482 1074 3564 perfecit,
1108 3488 1279 3564 postquam
1310 3501 1370 3564 per

187 3582 302 3644 multos
326 3602 426 3644 annos
449 3582 604 3646 historiae
629 3585 870 3666 componendae
894 3585 1023 3665 studuit,
1059 3585 1086 3648 si
1113 3585 1177 3668 ipsi
1200 3585 1367 3649 eredimus.

188 3683 362 3766 (Xiphilini
385 3685 524 3766 epitome
548 3686 567 3748 l.
592 3685 728 3763 LXXII,
752 3688 794 3750 23
824 3688 857 3750 in
881 3688 1022 3751 editione
1043 3688 1201 3753 Dindorfii
1224 3689 1369 3752 Teubne

186 3785 278 3848 riana
300 3787 375 3849 Vol.
391 3788 451 3852 ΙΙΙ.
475 3789 562 3871 Lips.
580 3788 858 3872 dioecesim).
904 3792 1094 3856 Aeeuratius
1118 3797 1224 3855 autem
1245 3812 1305 3855 nos
1328 3793 1368 3856 de

187 3891 331 3969 tempore
354 3889 441 3971 loqui
464 3911 528 3954 uon
551 3911 685 3956 neeesse
710 3898 768 3955 est.

294 3989 358 4054 Sed
379 3998 579 4056 transeamus
603 3995 644 4056 ad
668 3994 804 4058 alteram
819 3996 1030 4076 praefationis
1046 3999 1183 4078 partem!
1222 3997 1367 4078 Vellejus

185 4113 250 4155 non
267 4093 343 4175 jure
367 4095 506 4176 scriptor
529 4096 699 4160 historicus
723 4097 915 4179 appellatur.
960 4098 1043 4161 Nam
1065 4107 1177 4180 aperte
1198 4119 1262 4162 non
1277 4100 1310 4161 id
1327 4101 1367 4162 ab

185 4196 240 4258 illo
263 4195 392 4278 petitur,
418 4203 452 4259 ut
474 4197 555 4259 alios
578 4217 631 4260 res
655 4192 762 4280 gestas
780 4219 951 4282 earumque
968 4221 1080 4264 causas
1098 4203 1222 4265 doceat.
1257 4202 1367 4264 Prima

185 4299 314 4380 quidem
337 4297 405 4381 ejus
429 4301 529 4362 verba
551 4321 615 4363 non
637 4302 791 4382 novimus,
827 4304 901 4384 quia
934 4303 1109 4385 perierunt.
1154 4303 1218 4368 Sed
1248 4305 1366 4384 qualia·

184 4420 307 4483 cunque
330 4401 467 4483 fuerunt,
497 4402 566 4484 jam
590 4422 630 4466 ex
651 4409 720 4468 toto
744 4424 843 4487 opere
865 4403 907 4485 id,
943 4405 1029 4485 quod
1058 4405 1120 4468 sibi
1141 4412 1364 4485 proposuerat,

1115 4571 1161 4635 111
