3168 4798
770 365 813 430 29

715 455 869 466 ..nn—-

199 582 250 640 est
273 593 384 638 omnes
407 572 683 638 dissimilitudines
707 574 748 638 ad
770 573 910 656 partium
937 574 1075 638 studium
1100 575 1154 638 vel
1179 574 1262 640 iram
1292 595 1383 640 revo-

196 696 280 744 care.
327 676 392 741 Sed
415 675 545 740 diversa
572 678 700 741 ratione
729 683 820 740 ortae
848 681 930 740 suut.
975 676 1074 740 Modo
1106 677 1288 743 rhetoricae
1322 680 1385 744 arti

193 779 289 842 modo
311 779 449 842 hominis
473 778 640 860 cujusdam
663 780 769 844 studio
785 779 989 842 indulserunt
1004 786 1163 844 auctores,
1196 780 1383 864 Dijudicare

195 887 309 962 autem,
334 887 406 944 uter
428 888 520 946 reeta
541 883 595 946 via
617 883 651 946 in
674 883 809 965 singuiis
832 882 930 946 rebus
953 883 1118 964 ingressus
1146 883 1196 964 sit,
1230 904 1295 948 non
1328 906 1383 950 no·

194 990 295 1049 strum
318 990 377 1048 est.
421 983 523 1048 Nobis
546 991 672 1049 tantum
693 985 896 1068 propositum
914 991 973 1066 est,
996 991 1032 1049 ut
1054 985 1094 1050 dc
1117 988 1275 1050 communi
1294 988 1383 1052 fonte

198 1088 347 1170 conjecto
371 1089 564 1152 sententiam
579 1094 723 1152 nostram
740 1107 948 1170 exponamus.
986 1088 1071 1154 Sane
1095 1088 1318 1154 difficillimum
1338 1091 1385 1154 in·

195 1196 322 1272 ceptum
345 1190 473 1254 videtur
496 1211 578 1271 esse,
614 1191 690 1273 quia
712 1196 779 1254 tam
800 1211 903 1272 parva
925 1191 1154 1255 historicorum
1181 1192 1385 1276 antiquorum

195 1293 400 1375 antiquorum
422 1294 605 1376 fragmenta
626 1313 691 1356 non
720 1292 762 1356 ad
790 1293 909 1357 certius
937 1293 1133 1376 loquendum
1166 1295 1207 1358 de
1239 1300 1385 1360 veterum

195 1401 338 1464 fontibus
366 1396 485 1461 idonea
513 1402 596 1460 sunt.
642 1395 844 1477 conjecturis
877 1396 976 1478 igitur
1009 1416 1068 1460 nos
1102 1397 1148 1460 uti
1181 1404 1312 1480 oportet
1343 1398 1384 1461 de

198 1502 357 1567 communi
378 1502 435 1565 illo
459 1501 558 1563 fonte.
605 1497 727 1575 Quodsi
749 1518 812 1579 res,
847 1519 928 1580 quae
955 1499 989 1561 in
1015 1499 1183 1562 simillimis
1209 1500 1290 1565 locis
1313 1519 1384 1563 nar-

195 1610 312 1668 rantur
335 1609 369 1668 et
391 1607 604 1686 exponuntur,
627 1601 779 1684 proprius
802 1602 999 1684 respicimus,
1033 1602 1203 1666 maximam
1230 1603 1265 1666 in
1286 1603 1384 1667 omni-

195 1709 254 1771 bus
277 1707 319 1770 ad
348 1712 494 1770 senatum
528 1704 764 1788 pertinentibus
798 1705 894 1768 rebus
929 1724 1000 1768 esse
1028 1705 1266 1769 similitudinem
1298 1705 1385 1770 inve·

196 1811 310 1873 nimus.
362 1809 489 1873 Deinde
524 1807 552 1870 si
586 1806 734 1870 Tacitum
767 1807 870 1870 solum
902 1808 1107 1890 perlegimus,
1146 1809 1385 1872 accuratissime

198 1913 355 1996 principis
379 1916 627 1991 senatorumque
650 1909 814 1972 orationes
848 1909 882 1972 in
914 1911 1004 1973 curia
1035 1911 1162 1974 habitas
1195 1917 1385 1993 patrumque

198 2016 331 2078 decreta
345 2014 524 2078 invenimus
549 2012 651 2094 (velut
664 2012 690 2091 I,
715 2011 813 2094 7-8;
840 2012 1059 2096 11-15;52;
1084 2013 1225 2096 72-743
1251 2013 1305 2096 763
1329 2013 1384 2095 793

197 2118 239 2197 lI,
274 2116 413 2196 27-38,
437 2115 489 2196 42,
513 2114 564 2194 50,
588 2113 640 2195 52,
664 2114 805 2197 63-643
830 2115 885 2198 833
910 2115 964 2198 855
994 2116 1053 2194 ΙΠ,
1079 2116 1218 2198 10-19;
1242 2114 1383 2198 22-253

198 2220 253 2302 293
277 2219 420 2300 31-383
444 2218 500 2300 473
524 2216 668 2299 49-54;
692 2217 748 2300 563
772 2217 914 2300 59-635
939 2217 1080 2301 ott-703
1110 2217 1174 2300 72).
1220 2218 1321 2296 Quam
1343 2220 1384 2282 ob

198 2341 266 2385 rem
289 2322 381 2386 multi
403 2321 580 2386 doctissimi
602 2321 673 2403 riri,
697 2321 784 2384 velut
807 2320 941 2386 Carolus
964 2319 1206 2403 Nitzschjam
1228 2341 1384 2384 commen-

198 2425 290 2488 tariis
303 2424 588 2489 senatusTacitum
600 2443 691 2486 usum
702 2442 774 2486 esse
787 2423 1003 2505 conjecerunt.
1028 2423 1085 2486 Oui
1097 2425 1275 2488 sententiae
1288 2423 1385 2486 etiam

193 2528 355 2592 Aemilius
378 2526 564 2591 Huebner
586 2544 737 2589 assensus
767 2527 809 2588 ad
837 2526 1093 2590 emendationem
1126 2527 1266 2590 auctoris
1299 2526 1385 2589 illius

196 2630 250 2711 (ΙΙ,
275 2629 330 2712 88)
355 2630 502 2694 accessit.
547 2628 704 2692 Jacobum
731 2627 954 2692 Grimmium
988 2629 1072 2692 enim
1106 2635 1232 2692 secutus
1265 2647 1384 2691 nomen

194 2733 429 2815 Adgandestrii
450 2733 484 2795 in
500 2731 730 2796 Gaudestrium
746 2731 952 2794 commutavit
976 2732 1028 2814 (cf.
1044 2732 1246 2795 Huebneri
1268 2732 1384 2795 disser-

114 2819 117 2824 ’
195 2837 351 2900 tationem
372 2836 407 2898 iu
428 2833 702 2898 Fleckeisenii
735 2834 902 2897 annalibus
937 2855 1007 2897 cum
1029 2834 1235 2898 Jahnianis
1258 2835 1385 2917 supple-

197 2940 322 3002 mentis.
358 2938 469 3021 Suppl.
485 2938 544 3018 III,
568 2937 588 3001 5
612 2956 685 3019 pag.
702 2935 883 3000 sss-631.
912 2937 1000 3019 Lips.
1020 2937 1127 3018 1860).
1173 2937 1257 3002 Sane
1281 2957 1385 3002 omen-

196 3042 359 3105 dationem
382 3041 471 3104 illam
494 3041 521 3102 si
544 3039 714 3121 sequimur,
739 3038 870 3102 Tacitus
892 3039 964 3122 ipse
988 3046 1061 3102 acta
1084 3045 1213 3102 senatus
1237 3059 1257 3102 a
1279 3059 1313 3102 se
1330 3040 1385 3104 ad·

196 3145 297 3207 hibita
320 3163 393 3206 esse
416 3143 591 3207 contendit.
637 3141 702 3207 Sed
730 3161 792 3223 qua
819 3143 945 3206 ratione
975 3142 1063 3205 nisus
1097 3143 1147 3204 vir
1181 3143 1385 3206 doctissimus

198 3247 404 3311 emendavit?
446 3245 575 3309 Nescio,
620 3245 662 3306 llt
683 3243 969 3326 Nipperdeyius
1005 3245 1051 3328 (iu
1085 3245 1287 3327 praefatione
1315 3245 1386 3328 jam

197 3369 296 3432 supra
318 3348 484 3431 adscripta
506 3368 580 3430 pag.
596 3346 676 3427 XX)
712 3351 825 3409 contra
860 3346 1021 3410 disseruit.
1065 3346 1172 3410 Recte
1205 3347 1391 3411 Huebue-

195 3473 275 3514 rum
298 3470 426 3515 errasse
450 3451 607 3533 exposuit.
653 3450 792 3512 Tantum
819 3449 881 3513 hoc
906 3470 1021 3532 ¹parum
1049 3455 1199 3514 accurate
1223 3451 1385 3534 explicuit,

196 3575 252 3618 our
273 3555 298 3634 I,
323 3554 363 3618 81
389 3559 421 3616 11
442 3553 484 3632 II,
509 3552 570 3632 88,Ι
585 3551 712 3633 qualem
735 3550 875 3633 conjecit
896 3552 1084 3615 Hucbnor
1106 3553 1219 3634 locum,
1242 3555 1328 3617 inter
1351 3573 1386 3617 se
1458 3625 1460 3630 ,

195 3657 363 3720 distarent.
408 3655 491 3719 Nam
515 3655 640 3718 etiamsi
665 3654 800 3718 Tacitus
823 3655 857 3717 in
879 3655 939 3718 hac
968 3674 1002 3717 re
1038 3655 1102 3736 ,vix
1135 3656 1303 3738 quicquam
1335 3658 1387 3721 fir-

195 3761 294 3823 maro‘
318 3759 424 3839 audet,
448 3764 556 3822 tamen
578 3763 652 3821 1111
678 3762 806 3838 patrum
829 3756 949 3838 legisse
971 3759 1085 3840 potuit.
1131 3759 1280 3822 Tiberius
1303 3760 1388 3823 onim

196 3862 261 3925 alio
285 3868 434 3944 tompore
458 3861 522 3923 alio
546 3859 697 3923 modain
725 3859 862 3922 comitiis
890 3861 1111 3924 consularibus
1146 3867 1293 3926 versatus
1327 3869 1386 3926 est.

196 3965 319 4027 Tamen
341 3963 613 4046 Nipperdey-io
638 3961 806 4025 assentior.
851 3961 932 4026 Nam
968 3963 994 4026 si
1024 3963 1157 4027 Tacitus
1192 3972 1264 4028 acta
1298 3984 1387 4028 seua-

157 4091 167 4108 *
197 4073 304 4130 torum
326 4067 397 4148 ipse
420 4065 615 4148 perlegisset
636 4064 670 4127 in
693 4083 751 4126 sex
772 4064 934 4146 prioribus
965 4067 1126 4130 annalium
1152 4067 1254 4147 libris,
1288 4068 1386 4132 lecto·

197 4169 288 4232 ribus
310 4169 372 4232 hoc
394 4168 593 4231 tradidisset.
637 4165 806 4247 Nunquam
829 4173 933 4231 autem
956 4168 990 4230 in
1017 4168 1066 4231 his
1099 4168 1190 4232 libris
1225 4191 1385 4235 commen·

196 4271 297 4352 paries
321 4277 451 4335 senatus
475 4270 596 4352 apertis
619 4269 726 4332 verbis
751 4269 936 4352 adscripsit.
979 4272 1024 4333 At
1046 4271 1133 4336 dicat
1148 4273 1263 4354 aliquis
1280 4275 1322 4356 II,
1340 4273 1383 4339 35

200 4379 234 4437 et
255 4373 381 4456 111,ae,
405 4374 494 4436 illum
517 4373 595 4436 satis
619 4371 705 4435 clarc
729 4373 770 4436 ad
792 4378 919 4454 patrum
942 4379 1015 4438 acta
1037 4374 1190 4442 alludere.
1237 4377 1391 4442 Tacitum
