3168 4798
773 351 815 418 53

206 565 327 647 Velleji
341 563 563 647 ,panegyricus
586 562 715 646 quidem
736 577 870 643 prorsus
892 559 1020 642 ineptus
1043 565 1102 623 est.
1147 557 1229 623 Nam
1256 559 1284 623 si
1311 558 1384 620 illos

141 677 155 721 ἱ
205 689 275 732 cum
302 667 474 731 Paterculo
503 665 739 738 contulerimus,
768 682 995 744 nonnunquam
1017 663 1129 726 melius
1151 662 1384 744 intellegemus

208 791 264 834 cur
286 770 338 834 hic
353 769 448 832 modo
470 787 522 832 res
538 767 646 831 verbis
663 767 797 846 auxerit,
821 765 915 828 medo
932 764 1159 844 debilitaverit,
1182 763 1276 828 modo
1299 763 1386 826 sacta

205 872 332 936 silentio
355 871 483 951 texerit,
507 871 601 935 modo
624 869 709 934 levia
732 868 897 951 adjecerit.
949 868 1002 934 Sic
1028 867 1088 932 hoc
1114 867 1187 931 loco
1216 863 1385 930 contrariis

203 996 269 1040 non
290 975 525 1058 perturbamur,
553 973 610 1037 sed
632 991 861 1054 nonnunquam
884 973 983 1035 multo
1006 970 1162 1034 certiores
1184 970 1286 1036 fimus.
1326 998 1330 1007 ·

312 1077 377 1142 Sed
398 1077 566 1140 redeamus
589 1077 631 1140 ad
652 1075 824 1139 historicos
845 1075 919 1138 illos
942 1077 1024 1138 tres!
1069 1073 1208 1155 Propius
1229 1071 1386 1136 examine·

205 1201 283 1261 mus,
307 1200 413 1244 nonne
435 1180 528 1244 nobis
544 1179 732 1262 contingere
754 1178 859 1261 possit
874 1196 1036 1260 exponere
1060 1195 1123 1259 quo
1144 1175 1239 1239 modo
1254 1173 1386 1238 traditio

204 1282 359 1348 historica
385 1319 426 1328 —
459 1283 486 1346 si
515 1282 664 1346 Gelliauo
694 1282 794 1344 verbo
822 1281 869 1344 uti
897 1281 974 1345 licet
1004 1317 1046 1326 -
1074 1285 1155 1360 orta,
1184 1283 1385 1356 commutata,

208 1387 395 1450 confirmata
418 1386 470 1454 sit.
513 1385 644 1465 Fontes
679 1404 759 1467 quos
787 1383 991 1465 conjecimus,
1026 1389 1119 1446 erant
1150 1387 1281 1464 praeter
1314 1386 1387 1444 acta

206 1487 317 1570 populi
340 1488 525 1570 scriptores,
560 1487 645 1550 inter
679 1506 763 1570 quos
792 1486 848 1550 ille
877 1485 991 1550 Tacite
1025 1491 1058 1548 et
1090 1485 1186 1548 Dioni
1213 1483 1387 1562 communis

207 1591 455 1654 commentarios
490 1596 619 1654 senatus
636 1594 780 1652 secutus
815 1608 886 1652 esse
919 1588 1047 1651 videtur
1079 1588 1131 1650 vel
1167 1591 1293 1650 secutus
1327 1593 1386 1650 est.

205 1693 383 1757 Praeterea
405 1692 535 1756 Tacitus
561 1692 615 1774 (ll,
640 1691 694 1772 32;
718 1693 775 1772 VI,
803 1689 856 1774 15)
880 1696 913 1754 et
935 1690 1105 1754 Suetonius
1130 1690 1200 1771 (III,
1224 1688 1258 1771 5)
1286 1691 1386 1752 fastos

207 1797 395 1860 adscribunt
417 1802 450 1859 et
473 1795 657 1878 scriptores,
681 1795 722 1857 de
746 1794 859 1876 quibus
876 1793 947 1875 jam
970 1812 1066 1874 supra
1081 1793 1181 1856 locuti
1204 1812 1319 1856 sumus.
1349 1792 1403 1880 ln·

207 1898 312 1962 Dione
336 1905 442 1961 autem
464 1916 629 1980 perpauca
651 1903 774 1961 tantum
806 1896 1020 1974 inveniuntur,
1056 1914 1138 1976 quae
1171 1915 1236 1957 non
1269 1895 1387 1958 inuno

208 2001 352 2064 alterove
370 2001 440 2082 jam
463 2001 645 2083 repperisti.

314 2102 383 2179 Quo
416 2103 511 2166 modo
535 2102 604 2166 fere
626 2103 686 2165 hae
709 2101 900 2165 traditiones
923 2086 1076 2182 cognosci
1101 2105 1249 2183 possunt:
1279 2100 1389 2163 Prima

208 2213 240 2269 et
261 2205 436 2270 veterrima
459 2210 509 2268 est
524 2204 708 2286 Vellejana5
733 2205 877 2286 sequitur
892 2203 1088 2269 Suetoniana
1110 2204 1143 2266 in
1158 2203 1262 2285 prima
1283 2208 1386 2284 parte,

207 2309 323 2372 deinde
351 2308 422 2371 fons
451 2307 624 2372 eommunis
653 2306 778 2370 Tacito
797 2312 830 2370 et
856 2307 963 2386 Dioni,
991 2311 1154 2388 postremo
1183 2306 1286 2368 altera
1312 2325 1388 2388 pars

208 2410 362 2475 Suetonii.
406 2409 459 2475 Sic
481 2409 574 2472 nobis
596 2408 671 2471 libri
699 2414 733 2472 et
770 2408 961 2472 traditiones
991 2427 1062 2471 csse
1091 2413 1201 2471 secuta
1229 2407 1387 2486 ridentur,

208 2515 379 2578 sitantum
402 2517 549 2576 auctores
573 2519 781 2576 conservatos
804 2511 1002 2593 respicimus.
1033 2510 1098 2575 Sed
1118 2511 1186 2573 sine
1209 2510 1275 2573 ullo
1291 2509 1387 2573 dubio

207 2637 271 2680 non
294 2615 425 2679 traditio
448 2614 602 2678 historica
625 2608 682 2677 tali
706 2613 800 2678 modo
824 2619 1022 2704 commutata
1039 2619 1096 2676 est.
1145 2612 1226 2676 Nam
1257 2612 1387 2677 Tacitus

208 2719 487 2786 nonnulla·verba
520 2719 672 2798 continet,
708 2737 789 2799 quac
823 2723 937 2782 contra
970 2717 1153 2799 opinionem
1187 2715 1276 2780 illam
1305 2722 1387 2779 sunt.

210 2821 410 2887 Gravissima
443 2827 549 2885 autem
583 2827 656 2885 sunt
694 2827 726 2884 et
759 2821 896 2884 maxime
933 2820 1052 2882 idonea
1089 2819 1130 2881 ad
1165 2818 1388 2882 illustrandam

208 2915 421 3004 traditionem,
447 2944 509 3005 quo
532 2925 626 2988 modo
650 2931 725 2987 orta
745 2929 778 2986 et
800 2928 993 2987 commutata
1016 2923 1066 2985 sit.
1111 2920 1199 2986 Dicit
1221 2920 1304 2984 enim
1325 2920 1385 2998 1‚1

209 3027 342 3106 ,Tiberii
366 3027 490 3108 Gaique
515 3033 547 3090 et
569 3026 694 3091 Claudii
717 3046 755 3090 ac
776 3025 915 3090 Neronis
938 3045 1000 3105 res,
1025 3024 1209 3088 florentibus
1238 3023 1317 3105 ipsis
1346 3023 1387 3085 ob

208 3137 324 3194 metum
346 3128 457 3208 falsae,
481 3136 652 3212 postquam
666 3130 861 3209 occiderant,
885 3128 1068 3192 recentibus
1092 3127 1174 3190 odiis
1191 3124 1387 3207 compositae

208 3240 289 3297 sunt.
319 3233 399 3296 Inde
416 3232 582 3296 consilium
598 3233 674 3296 mibi
688 3252 792 3315 pauca
814 3232 854 3295 dc
870 3233 1016 3313 Augusto
1040 3235 1072 3293 et
1088 3235 1232 3292 extrema
1247 3229 1386 3306 tradere,

208 3356 281 3400 mon
304 3335 427 3398 Tiberii
448 3335 662 3418 principatum
678 3341 710 3398 ct
724 3340 863 3418 caetera,
880 3334 948 3398 sine
971 3333 1021 3395 ira
1043 3339 1076 3396 et
1091 3331 1217 3395 studio‘.
1254 3331 1387 3412 Apertis

206 3438 305 3519 igitur
327 3437 434 3500 verbis
457 3437 636 3500 contrarias
659 3437 757 3501 fuisse
780 3437 969 3500 traditiones
992 3452 1176 3515 morumque
1199 3433 1387 3514 descriptio-

206 3560 264 3604 nes
292 3540 465 3605 contendit.
512 3539 652 3616 Quorum
678 3541 847 3603 nonnullas
882 3539 979 3602 fuisse
1009 3544 1144 3620 propter
1172 3535 1388 3600 adulationem

208 3643 316 3723 falsas,
340 3643 420 3706 alias
443 3642 548 3706 nimiis
572 3643 653 3706 odiis
677 3647 846 3724 corruptas
870 3641 957 3706 dicit.
1003 3641 1056 3706 Sic
1078 3641 1191 3703 horum
1217 3639 1388 3702 verborum

207 3747 333 3810 ratione
355 3745 465 3809 habita
486 3747 593 3809 fontes
615 3745 707 3808 nobis
731 3751 938 3808 conservatos
954 3743 1151 3826 respicimus,
1175 3741 1323 3824 Vellejus
1348 3760 1388 3803 ex

207 3848 263 3912 illo
287 3853 451 3912 auctorum
479 3866 597 3930 genere
626 3854 683 3927 est,
719 3847 773 3929 qui
804 3846 886 3910 vivis
913 3846 1111 3928 principibus
1147 3843 1274 3926 saepius
1304 3843 1388 3908 falsa

208 3952 395 4014 retulerunt.
441 3950 525 4015 Sanc
552 3971 616 4014 non
644 3951 685 4014 ob
708 3955 834 4030 metum,
862 3949 920 4014 sed
938 3934 988 4012 ‘ob
1011 3948 1388 4029 adulationempanegy-

208 4054 292 4118 ricus
315 4052 369 4116 ille
386 4053 580 4134 compositus
603 4059 682 4116 erat.
721 4052 786 4118 Sed
808 4072 864 4116 cur
886 4072 952 4116 non
974 4056 1063 4115 recte
1079 4051 1232 4132 scriptum
1253 4048 1304 4128 sit,
1327 4049 1388 4113 hac

208 4157 241 4219 in
263 4175 300 4219 re
322 4155 401 4218 nihil
422 4156 532 4219 refert.
583 4154 648 4219 Res
677 4174 790 4237 parum
818 4161 968 4218 accurate
995 4152 1132 4217 traditas
1160 4171 1232 4216 esse
1258 4151 1388 4235 gravius

210 4264 268 4321 est.
314 4258 390 4334 Quis
414 4264 519 4322 autem
542 4262 715 4337 auctorum,
752 4257 806 4339 qui
840 4257 882 4320 ad
909 4261 1021 4320 nostra
1047 4261 1194 4339 tempora
1221 4259 1386 4334 venerunt,

209 4380 289 4444 opus
306 4381 395 4425 suum
416 4360 599 4425 recentibus
622 4359 704 4424 odiis
720 4358 900 4442 composuit
921 4360 972 4424 vel
994 4360 1092 4426 talem
1113 4359 1235 4424 fontem
1261 4363 1388 4424 secutus
