3168 4798
744 331 782 393 13

171 540 383 624 transcripsit,
419 543 476 604 sed
500 542 613 604 eodem
636 541 732 602 tertio
757 540 913 602 cornnurni
941 549 1072 602 auctore
1101 562 1171 603 cum
1199 540 1255 603 illo
1279 561 1353 605 usus

171 655 220 710 est
243 647 344 731 (uelut
359 646 459 724 LVII,
483 645 502 706 4
528 652 560 708 et
582 646 602 707 5
626 645 665 706 cs.
689 645 714 723 1,
738 643 793 723 ‘273
818 644 872 724 293
897 644 953 723 aa
977 643 1042 723 52).
1131 661 1133 664 ·

276 751 339 815 Sed
362 769 544 834 pergarnus,
568 748 619 810 ubi
644 746 938 810 Froit'rireiruius
962 747 1066 808 desiit.

168 856 259 933 1,ῦῖ
305 853 513 917 Gaudebat
546 871 735 933 oppressam
764 847 933 962 'LVIMJ'
974 843 1073 932 ἥσθη
1116 841 1163 924 ὄις
1207 847 1352 928 supatru,

169 958 367 1034 seditionem,
404 957 458 1019 sed
490 955 573 1036 quod
596 952 734 1034 largien-
764 948 873 1020 tritt&
897 956 951 1013 καὶ
975 954 1028 1013 ἐπὶ
1050 950 1162 1014 πλεῖον
1186 948 1286 1016 αὐτὸν
1314 947 1354 1027 ὥς

169 1060 217 1122 dis
241 1061 429 1142 pecuniis..
461 1061 603 1122 savorem
639 1057 734 1120 rnili-
788 1051 907 1116 καὶτὰ
936 1052 1213 1136 στρατεύματα
1242 1051 1352 1140 ἀνηρ-

169 1170 244 1225 tunr
260 1164 571 1244 quaesivisset...
586 1168 618 1224 et
629 1160 753 1242 gloria-
787 1165 953 1241 τημένοτ
975 1157 1136 1220 ἔδεισέν.
1162 1154 1199 1222 er'r
1215 1157 1275 1241 γὰρ
1291 1181 1353 1221 που

168 1267 396 1347 angebatur.
452 1264 591 1328 Rettulit
627 1270 733 1325 tamen
788 1264 842 1323 καὶ
870 1269 1003 1342 φρονεῖτ’
1028 1256 1127 1334 οὕτως
1163 1258 1204 1335 ὡς
1238 1259 1352 1334 ἐδόκει,

168 1368 207 1429 ad
236 1376 412 1431 senatum
440 1370 480 1430 de
509 1370 605 1430 rebus
633 1366 733 1448 gestis
787 1356 1001 1444 ἐξῶνὲαυτῷ
1018 1363 1147 1448 συνῄδει
1171 1361 1269 1427 ἄλλα
1285 1370 1354 1446 μὲν

167 1471 365 1552 multa-quo
403 1472 443 1533 de
481 1472 627 1533 virtute
665 1469 733 1551 ejus
787 1466 959 1548 λέγοντι,
977 1462 1075 1529 ἄλλα
1090 1472 1353 1548 praenosceret

165 1575 363 1647 memorarit,
408 1573 533 1654 magis
570 1573 608 1634 in
648 1591 734 1654 spe·
788 1565 1066 1651 dnatopssurrr...
1091 1573 1145 1632 καὶ
1169 1573 1353 1646 ἐπαίνους

165 1677 258 1740 ciern
289 1677 419 1738 verbis
443 1677 601 1737 adornata
625 1694 733 1756 quau]
788 1675 823 1733 ἓν
851 1676 893 1755 τῇ
925 1672 1046 1756 βουλῇ
1072 1677 1129 1737 τοῦ
1153 1677 1353 1755 Γερμανικοῦ

165 1788 204 1842 ut
226 1779 383 1862 penitus
401 1779 520 1840 sentire
537 1777 733 1840 crederetur.
787 1773 956 1849 πολλοὺς
979 1775 1165 1858 ἐποιήσατο.

273 1881 361 1957 Quae
386 1883 484 1943 rerba
508 1881 632 1942 Dionea
656 1901 674 1942 a
697 1899 746 1941 nre
762 1880 992 1960 praetermissa
1010 1893 1091 1959 sunt,
1116 1902 1178 1942 non
1198 1881 1227 1942 in
1245 1881 1351 1943 altero

165 1985 324 2066 scriptore
348 1984 578 2066 respondentia
602 1984 728 2045 liabent.
775 1983 903 2044 Cassius
938 1983 1021 2045 enirn
1053 1967 1112 2045 troc
1141 1985 1212 2046 loco
1237 1985 1353 2066 partini

164 2088 281 2150 clarius
305 2089 422 2169 partim
450 2087 665 2169 compluribus
701 2087 807 2148 verbis
842 2097 909 2148 reru
943 2087 1103 2148 tractavit.
1150 2087 1213 2149 Hic
1255 2087 1353 2168 igitur

165 2191 284 2272 optime
308 2191 460 2272 cognosci
484 2197 601 2272 potest·
626 2191 710 2270 quod
728 2189 796 2270 jam
821 2190 908 2270 prius
932 2190 1067 2251 diximus
1084 2190 1172 2251 etde
1189 2210 1251 2270 quo
1268 2192 1353 2252 infra

166 2294 331 2356 verbosius
345 2293 514 2356 dicendum
528 2293 598 2365 erit,
615 2293 751 2355 itioncrn
765 2313 826 2354 non
841 2287 972 2354 alterius
987 2293 1085 2354 rerba
1098 2294 1351 2374 transcripsisse.

165 2395 256 2470 Quod
280 2397 367 2458 credi
392 2397 486 2458 facile
510 2404 627 2477 potest,
657 2396 683 2456 si
715 2415 778 2458 nou
801 2403 949 2458 accurate
978 2402 1192 2476 comparatur.
1239 2395 1352 2458 Utrurn

166 2504 269 2559 auteur
294 2497 349 2558 ilia
372 2498 403 2559 in
428 2499 542 2561 Tacito
565 2519 629 2560 non
652 2500 784 2560 inventa
807 2518 847 2560 ex
870 2498 1025 2560 corn‘rnuni
1042 2498 1130 2559 sonte
1154 2519 1195 2559 au
1221 2519 1261 2560 ex
1283 2498 1351 2561 ullo

166 2600 230 2661 alio
247 2602 405 2682 scriptore
419 2609 545 2683 surnptu
561 2602 633 2674 sint,
652 2622 712 2663 non
729 2601 904 2683 dijudicare
918 2601 1029 2662 audeo.
1055 2601 1119 2662 Sed
1132 2601 1220 2662 nulia
1232 2621 1267 2662 re
1280 2602 1353 2682 cogi

165 2723 223 2764 uos
238 2711 354 2784 putern,
368 2710 539 2784 ntpraeter
549 2705 871 2766 comnrunenrfontern
881 2704 1352 2783 quaeramusaliunrauctorcnr.

163 2806 188 2881 l,
214 2804 254 2866 72
277 2805 730 2888 Nomeupatrispatriae
759 2804 825 2869 Ιτὸ
849 2830 889 2867 τε
916 2807 983 2868 τοῦ
1011 2803 1156 2888 πατρὸς
1189 2807 1255 2866 καὶ,
1290 2807 1354 2888 τῆς

165 2908 314 2970 'liberius
338 2927 356 2968 a
379 2909 498 2988 populo
523 2909 651 2990 saepius
686 2910 730 2970 in·
760 2877 971 2988 Ιπατρίδος
1004 2907 1206 2992 πρόςρημα
1237 2933 1352 2971 παντε-

165 3017 290 3092 gestum
312 3010 548 3090 repudiarit.
760 2981 843 3100 ittig
867 3010 1067 3074 διεώσατο.
1092 3013 1207 3095 (LVII,
1232 3013 1276 3096 8.)

165 3115 188 3192 l,
215 3112 438 3195 tojudieiis
467 3113 730 3176 adsidebatur
760 3103 920 3224 {litim
945 3116 1099 3189 ἐδίκαζε
1121 3119 1181 3194 μὲν
1204 3105 1270 3188 οὖν,
1294 3111 1352 3179 ὥσ-

165 3236 284 3278 cornu
309 3215 411 3276 tribu
421 3236 438 3276 n
448 3215 534 3294 alis,
558 3235 602 3278 nc
626 3236 730 3298 prue-
783 3240 843 3300 περ
868 3211 967 3290 εἶπον,
992 3220 1151 3298 ἐπεφοίτα
1174 3217 1208 3280 δὲ
1229 3221 1283 3281 καὶ
1300 3221 1352 3282 ἐπὶ

165 3326 286 3380 torem
329 3318 454 3381 curuli
492 3317 729 3400 depelleret3
784 3319 825 3382 τὰ
855 3323 919 3382 τῶν
942 3317 1105 3402 ἀρχὺιτων
1128 3320 1351 3406 δικαστήρια..

165 3421 326 3503 multaque
362 3439 400 3483 eo
439 3440 548 3484 eorarn
576 3421 730 3483 adversus
760 3405 839 3483 'nat
863 3426 1039 3496 ἐκείνους
1066 3428 1132 3503 μὲν
1155 3426 1352 3509 ἐττῆὲατ-

165 3524 316 3586 ambitum
350 3530 383 3586 ct
410 3524 590 3606 potentium
616 3543 730 3606 preces
784 3527 857 3587 τῶν
889 3523 986 3610 χώρᾳ
1021 3531 1238 3610 καθῆσθαι
1275 3524 1352 3602 εἴα,

166 3627 283 3689 constit
306 3634 347 3688 ta.
785 3623 899 3701 αὐτὸς
923 3629 1004 3690 tant
1027 3632 1095 3692 τοῦ
1110 3627 1269 3715 βάθρον
1284 3635 1353 3696 τοῦ

785 3726 1352 3815 κατ’ἄντικρύσφωνκειμένου

784 3837 970 3908 καθίζων.
1142 3911 1146 3920 .

274 3931 358 4007 Quot
380 3935 479 3995 verba
502 3955 521 3996 a
544 3934 647 3996 Dione
671 3935 740 3998 solo
764 3938 941 4016 traduntur,
979 3939 1047 4001 sere
1076 3920 1211 4002 tot'alia
1234 3942 1265 4003 in
1290 3961 1352 4004 am-

167 4035 267 4096 bobus
291 4035 501 4116 scriptoribus
525 4038 586 4100 sibi
608 4041 816 4120 respondent.
864 4041 1018 4103 l.)ubitare
1047 4040 1145 4123 igitur
1173 4063 1350 4125 possumus,

167 4143 270 4198 utrum
292 4135 355 4198 iste
383 4137 473 4201 locus
507 4141 699 4202 sententiam
722 4153 865 4204 nostram
887 4144 1004 4224 probet
1026 4164 1067 4206 an
1096 4145 1235 4209 refellat.
1282 4146 1347 4210 Sed

166 4239 396 4321 praetermissa
419 4261 438 4302 a
461 4241 575 4305 Tacito
599 4244 698 4305 verba
720 4265 784 4306 non
812 4246 920 4326 gravis
949 4247 1099 4309 momenti
1134 4257 1217 4310 sunt.
1263 4249 1351 4324 Quae

152 4343 193 4405 ‘si
216 4343 404 4422 addidisset,
428 4344 498 4426 ipse
516 4345 673 4452 judicium
696 4366 785 4409 suurn
808 4349 933 4411 irritum
948 4348 1154 4412 reddidisset.
1199 4351 1282 4414 Nam
1306 4359 1351 4415 tu·
