3148 4802
733 365 775 430 39

164 573 278 636 tendit.
325 571 390 636 (tur
412 578 519 636 autem
541 570 596 635 ille
619 578 829 636 commutatus
858 572 909 652 sit,
936 591 977 635 ne
1004 590 1067 636 unc
1094 573 1194 635 verbo
1223 572 1349 654 quidem

162 694 223 738 nos
247 674 352 738 docet.
396 673 479 738 Nam
503 675 589 757 quod
612 669 747 738 alteram
768 681 894 758 partem
917 674 1040 738 verbis:
1087 673 1287 756 „Regressus
1314 675 1349 738 in

160 777 318 840 insulam“
343 778 415 860 (ΠΙ,
439 775 495 861 41)
518 778 619 841 ordiri
642 784 675 841 et
695 777 840 860 incipere
864 782 997 840 conatus
1032 783 1090 857 est,
1125 796 1189 840 non
1220 795 1349 840 causam

160 879 221 942 tali
244 881 340 943 modo
361 879 505 962 protulit,
530 880 587 944 sed
609 886 745 963 tempus.
782 878 836 945 Sic
852 879 973 943 distant
994 878 1080 942 inter
1102 898 1137 942 se
1160 898 1236 962 pars
1258 880 1349 962 prior

162 989 198 1046 et
220 983 335 1047 altera.
380 983 448 1046 Nec
481 983 514 1045 in
548 982 609 1046 hac
642 1002 679 1046 re
711 983 855 1064 ineptam
889 981 1108 1064 conjecturam
1140 1000 1268 1064 sequor,
1293 982 1350 1046 sed

161 1092 286 1149 rectam
314 1105 385 1148 cam
411 1104 482 1148 esse
517 1084 588 1147 aliis
623 1105 756 1167 quoqne
792 1085 895 1167 iisque
928 1083 1120 1152 firmioribus
1154 1085 1350 1167 argumentis

163 1189 377 1270 comprobare
400 1207 541 1270 possum.
580 1185 673 1264 Quod
694 1193 729 1250 ut
751 1187 923 1269 adipiscar,
947 1187 1043 1250 altius
1063 1193 1214 1270 repetere
1236 1186 1348 1252 liceat!

164 1289 335 1354 Suetonius
360 1291 444 1352 enim
467 1289 528 1352 sibi
543 1289 613 1371 ipse
628 1289 737 1370 instat,
760 1296 796 1352 ut
817 1289 863 1353 ita
878 1289 991 1370 dicam,
1014 1290 1116 1353 ternis
1131 1289 1221 1354 locis.
1258 1288 1348 1367 Quae

164 1401 240 1474 post
261 1411 426 1456 recessum
450 1413 469 1455 a
492 1392 624 1455 Tiberio
653 1393 686 1454 in
710 1392 846 1455 insulam
868 1392 987 1458 factum
1008 1391 1067 1471 ΠΙ,
1090 1392 1132 1456 43
1164 1398 1347 1473 narrantur,
1386 1437 1389 1442 -

165 1495 313 1578 exempla
335 1495 589 1578 turpissimarum
615 1495 783 1557 libidinum
811 1494 1025 1577 vitiorumque
1051 1513 1155 1576 paene
1183 1495 1346 1560 horrenda

165 1603 247 1661 sunt.
292 1597 366 1661 Non
388 1597 467 1660 talia
489 1596 651 1678 conjicere
673 1602 791 1679 potest,
817 1597 869 1678 qui
892 1603 989 1660 antea
1011 1597 1044 1659 in
1066 1597 1180 1660 eodem
1195 1596 1349 1662 Suetonio

163 1699 255 1782 legit,
280 1706 479 1782 quantopere
512 1699 670 1763 doluisset
684 1698 843 1780 Tiberius,
866 1720 1002 1763 —cum
1024 1699 1116 1762 uxori
1139 1700 1242 1782 priori
1269 1721 1346 1764 nun·

165 1802 243 1865 tium
264 1803 429 1865 remittere
454 1807 582 1866 coactus
606 1807 693 1865 essct
708 1802 780 1884 (ΙΙΙ,
805 1801 849 1884 7).
894 1801 1009 1866 Mirum
1026 1802 1195 1865 admodum
1210 1802 1347 1884 videtur,

166 1905 252 1987 quod
275 1904 369 1984 idom,
393 1905 447 1984 qui
470 1924 540 1966 cum
556 1905 738 1986 Agrippina
752 1905 912 1987 Vipsania
934 1924 998 1968 non
1022 1905 1195 1968 divortium
1217 1905 1280 1968 nisi
1303 1906 1348 1968 in-

165 2008 249 2070 vitus
272 2007 396 2069 fecerat
417 2025 613 2089 gravemque
643 2027 677 2070 se
705 2009 902 2090 praebuerat
928 2011 1042 2070 contra
1067 2007 1173 2071 Juliae
1199 2007 1349 2071 libidines

166 2128 300 2190 eamque
324 2129 418 2189 quam
440 2108 608 2191 plurimum
632 2109 842 2190 devitaverat,
878 2115 993 2192 postea
1015 2110 1184 2192 flagitiosis
1218 2115 1252 2174 et
1279 2110 1349 2174 libi-

167 2212 288 2274 dinosis
312 2211 529 2294 voluptatibus
553 2230 588 2274 sc
612 2212 744 2275 dedidit.
771 2212 909 2276 Maxime
926 2217 1032 2275 autem
1046 2213 1160 2275 mirum
1180 2220 1238 2291 est,
1263 2213 1348 2294 quod

166 2333 293 2377 causam
310 2314 458 2395 aliquam,
476 2333 531 2376 cur
544 2321 752 2378 commutatus
765 2322 851 2378 essct
863 2314 1021 2394 Tiberius,
1040 2335 1102 2378 non
1114 2312 1204 2378 dixit.
1227 2315 1350 2379 Eodem

167 2418 261 2480 modo
285 2418 370 2479 inter
393 2436 427 2480 se
450 2435 595 2499 pugnare
618 2417 775 2497 videntur,
801 2437 881 2499 quac
905 2416 1075 2481 Suetonius
1104 2417 1240 2482 dirersis
1267 2418 1348 2482 locis

166 2519 310 2598 tradidit,
354 2539 445 2601 quem
484 2519 525 2581 ad
559 2518 686 2582 modum
719 2520 868 2583 Tiberius
901 2520 935 2582 in
972 2519 1092 2583 duliam
1126 2520 1348 2585 consuluisset.

165 2623 286 2685 Narrat
308 2622 391 2685 enim
414 2626 526 2685 auctor
548 2621 684 2704 primum
708 2623 779 2705 (ΙΙΙ,
807 2621 858 2703 ll)
892 2622 981 2685 illum
1004 2642 1204 2704 ,quamquam
1231 2623 1347 2690 laetum

165 2725 285 2788 nuntio‘
308 2762 351 2773 κ
374 2724 498 2788 scilicet
519 2725 688 2787 damnatae
722 2725 830 2789 Juliae
852 2762 893 2771 -
928 2731 1045 2805 ,tamen
1077 2725 1175 2790 officii
1209 2727 1347 2810 duxisse,

167 2835 315 2909 quantum
338 2828 369 2889 in
394 2847 428 2890 se
453 2834 547 2908 esset,
573 2846 708 2890 exorare
730 2828 815 2891 filiae
838 2834 963 2911 patrem
987 2829 1208 2912 frequentibus
1230 2809 1348 2894 litteris

166 2938 198 2994 ct
219 2930 271 2993 vel
293 2938 462 3012 utrumque
485 2929 628 3009 meritae,
653 2930 805 3013 quidquid
828 2950 968 3014 unquam
991 2931 1075 2994 dono
1099 2931 1250 3012 dedisset,
1274 2952 1347 2996 con·

167 3034 302 3096 ccdere‘.
346 3032 430 3096 Fere
453 3033 667 3097 contrarirum
689 3032 774 3096 idem
795 3039 911 3116 postea
934 3034 1002 3116 egit
1024 3032 1095 3118 (ΙΙΙ,
1119 3033 1184 3116 50).
1231 3034 1347 3114 ,Juliae

167 3135 256 3199 uxori
279 3141 401 3199 tantum
424 3134 512 3216 afluit,
536 3143 571 3199 ut
592 3136 767 3218 relegatae,
792 3136 876 3219 quod
900 3137 1059 3200 minimum
1083 3143 1140 3216 est,
1169 3137 1267 3200 officii
1294 3144 1349 3200 aut

167 3224 370 3301 humanitatis
393 3237 516 3320 aliquid
537 3237 727 3320 impertiret,
762 3245 797 3302 ut
830 3258 870 3302 ex
892 3239 1120 3303 const'tutione
1153 3240 1255 3322 patris
1284 3259 1346 3303 uno

166 3340 283 3422 oppido
307 3340 448 3403 clausam
471 3340 564 3408 domo
589 3361 717 3424 quoque
751 3341 863 3423 egredi
896 3349 928 3405 et
962 3341 1152 3406 commercio
1185 3341 1347 3408 hominum

165 3442 225 3505 frui
247 3443 405 3506 vetuerit‘.
436 3443 566 3506 Minime
590 3443 630 3506 ab
646 3443 759 3507 eodem
775 3450 941 3525 utrumque
963 3445 1024 3509 hoc
1040 3445 1110 3507 lieri
1126 3463 1223 3527 posse
1246 3464 1330 3526 nego
1337 3467 1344 3527 ;

167 3545 221 3608 scd
244 3545 399 3627 explicari
421 3546 462 3607 ab
478 3553 618 3626 auctore,
643 3546 777 3610 curalio
795 3552 939 3628 tempore
956 3547 1050 3610 aliter
1067 3548 1172 3630 egarit
1187 3548 1345 3627 Tiberius,
1365 3587 1369 3593 -

166 3647 379 3710 necessarium
401 3647 477 3710 mihi
500 3649 635 3712 videtur.
681 3648 851 3713 Suetonius
874 3657 980 3714 autem
1007 3669 1072 3712 non
1100 3669 1213 3713 causas
1237 3649 1344 3732 explo-

166 3750 247 3813 ravit
268 3769 372 3831 neque
395 3770 452 3813 cur
466 3750 618 3834 princeps
638 3750 714 3813 olim
730 3751 856 3814 sincero
881 3752 990 3815 uxoris
1012 3771 1119 3814 amero
1135 3751 1345 3816 inflammatus

167 3859 278 3935 postea
301 3853 447 3915 horribili
471 3873 505 3916 se
528 3853 698 3935 polluisset
724 3853 923 3935 impudicitia
948 3873 1052 3935 neque
1083 3874 1139 3917 cur
1167 3853 1344 3917 misericor-

168 3955 248 4018 diam
282 3957 428 4037 Augusto
463 3956 602 4018 nondum
636 3961 762 4019 mortuo
796 3957 836 4019 de
870 3957 976 4020 Julian
1004 3957 1133 4019 fortuna
1166 3955 1345 4019 simulatam

154 4065 280 4140 ‚postea
316 4058 485 4121 omisisset.
567 4058 631 4123 Sed
669 4059 797 4121 tertium
837 4059 906 4141 jam
952 4059 1131 4142 hujusmodi
1166 4059 1344 4140 exemplum

167 4159 382 4240 respiciamus.

269 4263 307 4325 ln
322 4263 434 4344 prima
456 4268 547 4344 parte
570 4262 774 4326 inveniuntur
796 4264 889 4327 haec:
933 4263 987 4342 ΙΠ,
1019 4264 1070 4327 39.
1115 4264 1179 4328 Scd
1213 4264 1344 4327 orbatus

168 4371 300 4446 utroque
323 4364 399 4444 filio,
424 4384 557 4446 quorum
580 4365 789 4430 Germanicus
811 4366 845 4428 in
868 4366 969 4450 Syria,
998 4365 1121 4428 Drusus
1144 4365 1266 4429 Romae
1290 4367 1343 4429 ob·
