3148 4802
760 341 804 406 45

296 547 463 613 Simillima
485 554 536 612 est
557 549 721 613 amborum
742 548 897 613 narratio.
934 547 998 612 Dio
1020 552 1144 612 tantum
1164 548 1268 630 magis
1303 567 1373 631 pcr-

189 653 308 736 spicue‚
346 651 516 718 Suetonius
553 652 647 716 nimis
686 651 800 735 jejune
843 650 966 715 factum
1002 651 1082 715 illud
1125 649 1300 718 illustravit
1343 656 1377 714 et

187 755 344 819 narravit.
994 777 998 784 ’

186 859 245 938 ΠΙ,
262 857 301 921 61
318 856 440 921 citati
462 857 509 920 ad
532 877 681 922 causam
704 857 753 921 di·
806 856 925 937 LVIII,
944 854 984 920 15
1007 854 1039 918 οἱ
1060 854 1098 918 δέ
1118 853 1156 938 δὴ
1175 853 1303 930 πλείους
1319 849 1374 920 αὖ·

187 960 344 1024 cendam
365 960 484 1043 partim
506 978 541 1023 se
564 960 650 1022 domi
678 960 754 1024 vul·
807 959 859 1022 cot
881 955 1014 1034 ἑαυτοὺς
1036 959 1127 1043 πρὶν
1143 954 1290 1022 ἁλῶναι
1306 957 1374 1022 διέ-

186 1069 424 1127 neraverunt
451 1109 458 1125 .
484 1110 491 1125 .
515 1110 523 1125 .
548 1109 554 1124 .
582 1062 756 1145 partimin
808 1064 995 1146 φθειραν.
1100 1141 1102 1145 Ι

187 1165 293 1230 media
330 1165 421 1229 cnria
453 1183 639 1229 venenum
672 1165 756 1228 hau-

188 1273 332 1332 serunt

294 1387 357 1451 Dio
380 1388 509 1451 brevius
539 1388 579 1450 de
606 1387 681 1468 illis,
716 1388 770 1469 qui
804 1406 839 1450 se
872 1387 961 1470 ipsos
983 1386 1224 1468 interfecerunt,
1262 1392 1376 1451 narrat

188 1490 300 1554 mortis
323 1491 452 1572 generis
474 1490 601 1554 ratione
624 1510 699 1569 non·
712 1490 831 1554 habita.
876 1489 942 1556 Sed
974 1490 1062 1558 iacta
1085 1489 1197 1553 eadem
1219 1490 1315 1553 modo
1355 1509 1375 1554 a

189 1591 342 1657 Suetonio
369 1592 540 1656 traduntur
566 1599 690 1657 tautum
722 1592 912 1672 accuratius,
948 1592 1043 1655 modo
1072 1611 1092 1655 a
1118 1592 1233 1656 Tacito
1261 1593 1374 1656 coufir-

194 1702 321 1758 mantur
342 1695 522 1760 nominibus
545 1696 674 1760 additis.

189 1815 248 1892 III,
265 1814 304 1879 61
321 1815 359 1878 In
370 1790 641 1898 recognoscendis
654 1821 757 1880 custo·
809 1814 928 1888 LVIII,
951 1814 971 1878 3
997 1811 1097 1897 δήσας
1119 1813 1194 1895 γοῦν
1215 1837 1289 1876 τινα
1311 1815 1376 1876 τῶν

190 1917 252 1980 diis
289 1918 436 2000 precanti
469 1917 595 1982 cuidam
632 1937 757 2000 poenae
810 1919 958 2000 ἐναίρων,
982 1915 1097 1980 ἔπειτα
1119 1915 1214 1998 λόγου
1229 1918 1303 2000 περὶ
1319 1917 1375 2000 τῆς

194 2019 410 2084 maturitatem
424 2021 608 2103 respondit:
644 2019 758 2101 „Non
810 2017 1031 2094 θανατώσεως
1068 2015 1168 2084 αὐτοῦ
1204 2024 1375 2100 γενομένου

194 2123 279 2185 dum
327 2128 454 2187 tecum
505 2123 545 2186 iu
592 2123 758 2206 gratiam
810 2122 882 2206 ἔφη
915 2117 976 2187 ὅτι
1009 2118 1156 2187 οὐδέπω
1189 2117 1291 2204 αὐτῷ
1325 2121 1374 2184 δι-

192 2224 327 2288 redii.“
811 2223 1013 2310 ήλλαγμαι.

298 2317 538 2445 Singulariter⁰
555 2360 679 2425 Tiberii
723 2362 918 2426 subridentis
969 2363 1068 2426 verba
1117 2361 1229 2426 eodem
1279 2361 1373 2426 modo

192 2485 211 2528 a
243 2464 396 2530 Suetonio
431 2471 464 2528 et
497 2465 610 2530 Cassio
644 2465 878 2529 adscribuntur.
934 2467 978 2529 At
1011 2465 1214 2529 occasionem
1247 2465 1375 2546 quidem

191 2567 381 2631 subridendi
404 2567 532 2631 diverse
568 2573 711 2631 narrant.
770 2566 872 2644 Quam
905 2568 947 2630 ob
983 2588 1052 2631 rem
1085 2568 1235 2648 dubitem,
1269 2573 1375 2630 utrum

189 2670 273 2734 hunc
295 2670 400 2734 locum
422 2677 557 2752 uterque
581 2689 621 2734 ex
643 2671 801 2734 communi
822 2670 911 2734 fonte
936 2671 1108 2753 sumpserit
1130 2688 1241 2734 necne.
1291 2669 1374 2734 Nam

189 2773 299 2837 nescio
323 2773 400 2855 quid
422 2773 582 2855 gravioris
604 2773 757 2837 momenti
780 2773 831 2854 sit,
854 2778 959 2837 utrum
974 2773 1199 2837 dissimilitudo
1224 2793 1264 2836 an
1289 2773 1372 2838 simi-

188 2876 301 2940 litudo.
332 2874 366 2940 Si
389 2875 607 2957 conjecturam
621 2875 769 2959 proferre
784 2876 870 2956 licet,
894 2875 1033 2940 fortasse
1056 2877 1157 2940 verba
1177 2876 1235 2940 illa
1250 2874 1372 2939 Tiberii

189 2979 222 3041 in
256 2979 394 3042 omnium
431 2997 488 3042 ore
526 2986 607 3043 erat.
663 2978 728 3044 Sed
761 2998 819 3042 suo
853 2978 988 3062 quisque
1026 2979 1121 3043 modo
1166 2978 1372 3042 occasionem

194 3080 328 3144 addidit.

187 3184 245 3264 III,
270 3182 311 3247 62
333 3202 374 3246 no
397 3183 531 3267 reliquis
547 3184 676 3266 quidem
698 3201 751 3246 ne·
804 3182 922 3257 LVIII,
940 3182 981 3246 23
1005 3175 1070 3264 εἶχε
1091 3179 1227 3265 μὲνγὰρ
1243 3179 1373 3246 καὶτὸν

188 3286 317 3368 potibus
333 3305 485 3368 parsurus
506 3286 657 3366 creditur,
681 3283 756 3349 cum'
808 3288 989 3369 Τιβέριον
1010 3283 1075 3349 τὸν
1097 3283 1268 3367 ἔγγονον,
1300 3281 1372 3347 ἄλλ’

187 3394 220 3451 ct
232 3387 348 3470 Gaium
363 3395 544 3471 suspectum
561 3389 696 3452 haberet
718 3395 751 3452 et
804 3388 928 3450 ἐκεῖνον
948 3433 955 3449 .
972 3433 1006 3449 ..
1028 3392 1090 3470 μὲν
1111 3385 1176 3450 διά
1196 3385 1263 3472 τὴν
1282 3383 1371 3453 ὑπο-

186 3491 381 3555 Tiberium
407 3495 447 3554 ut
478 3510 523 3554 ex
555 3490 750 3555 adulterio
805 3486 1373 3576 ψίαν,οὐγὰρέπιστεύετοτοῦ

186 3599 406 3675 susceptum
461 3599 751 3676 aspernaretur.
803 3589 978 3677 Δρούσου
1006 3600 1097 3667 παῖς
1130 3586 1248 3667 εἶναι,
1281 3617 1372 3678 παρ-

184 3696 253 3760 Νοο
276 3695 430 3760 abhorret
452 3716 472 3760 a
498 3715 585 3777 veru,
617 3715 766 3778 namque¹
805 3693 923 3775 εώρα.
937 3693 1165 3770 ..πολλάκις
1181 3694 1217 3758 δὲ
1232 3697 1287 3758 καὶ
1304 3694 1383 3780 τὸνΙ

185 3798 402 3861 identidem
445 3798 601 3863 felicem
649 3799 752 3862 Pria·
806 3793 1372 3883 Πρίαμονμακαρίσας,ὅτιᾶρ-

186 3921 278 3963 mum
311 3901 497 3981 vocabat,
532 3902 617 3983 quod
645 3920 753 3983 super·
806 3900 864 3983 δην
877 3898 964 3981 μετὰ
978 3903 1033 3984 πῆς
1047 3901 1202 3982 πατρίδος
1217 3904 1272 3964 καὶ
1286 3900 1373 3984 μετὰ

73 4029 76 4036 ·
185 4008 251 4066 stes
274 4003 413 4066 omnium
435 4023 564 4067 suorum
584 4003 752 4068 extitisset.
773 4001 777 4104 γ
807 4005 863 4087 τῆς
884 4002 1054 4085 punctatur
1070 3999 1228 4068 ἀπώλετο.

292 4138 386 4216 Quod
408 4139 449 4204 ad
473 4140 638 4204 Tiberium
660 4147 811 4224 nopotem
834 4143 970 4223 spectat,
1004 4141 1133 4206 Cassius
1163 4161 1292 4207 causam
1319 4143 1372 4207 ad·

185 4241 267 4305 didit
288 4247 420 4324 praeter
441 4243 530 4306 illam
552 4242 613 4305 sibi
635 4261 707 4306 cum
729 4242 883 4308 Suetonio
907 4263 1114 4324 communem,
1139 4264 1195 4308 cur
1218 4245 1373 4328 princeps

186 4362 285 4406 senex
322 4350 473 4426 nepotem
510 4349 700 4427 aspernatus
738 4351 834 4409 esset.
894 4344 996 4422 Quam
1038 4346 1200 4429 adjectam
1244 4368 1372 4413 causam
