3168 4798
787 309 825 372 16

226 507 228 510 ’
285 515 347 580 ‘³Si
370 516 470 578 verba
492 516 549 578 illa
582 537 601 578 a
635 537 685 580 mc
716 517 881 600 adscripta
910 522 1019 580 essent
1047 516 1116 580 sola
1145 516 1178 578 in
1201 516 1393 610 auctoribus,

207 619 368 682 sententia
390 640 462 682 mea
484 619 560 683 milri
596 630 686 684 certa
721 641 792 683 csso
827 621 1001 684 videretur.
1052 619 1117 684 sed
1144 621 1237 702 plura
1266 621 1297 681 in
1330 621 1395 682 illis

206 722 323 784 insunt.
369 721 458 799 Quae
482 742 573 785 ame
597 723 719 786 omissa
744 724 970 786 suntDionca
998 731 1074 805 post
1100 722 1267 805 παρέδωκε
1296 743 1394 802 usque

207 823 247 886 ad
270 821 344 887 τὸτε
365 829 435 906 μὲν,
459 825 667 908 singulariter
690 846 710 889 a
733 826 845 890 Cassio
868 834 1043 889 narrantur
1074 845 1178 907 neque
1212 826 1328 888 similia
1361 827 1393 888 in

206 928 321 991 Tacito
344 929 499 991 invenies.
545 930 607 992 Dio
631 930 691 993 hoc
716 930 787 993 loco
818 937 928 1011 partes
960 930 1156 992 verbosioris
1185 929 1394 1010 descriptoris

207 1031 283 1112 agit.
330 1030 590 1095 concludendum
605 1032 704 1114 igitur
720 1039 778 1112 est,
802 1052 866 1096 non
883 1038 973 1096 certo
989 1033 1084 1095 modo
1100 1032 1164 1095 dici
1179 1051 1275 1114 posse
1291 1039 1394 1094 utrum

204 1133 342 1196 eundem
365 1155 405 1197 an
429 1135 575 1198 diversos
600 1136 701 1199 secuti
726 1136 790 1198 sint
813 1140 962 1199 auctores
985 1136 1017 1197 in
1042 1137 1100 1198 hac
1123 1155 1168 1197 re.
1215 1138 1279 1198 Aut
1301 1136 1392 1198 'laei-
1416 1185 1426 1207 ,

206 1244 256 1299 tus
281 1237 365 1300 enim
387 1238 658 1322 narratiunculam
681 1238 769 1302 illam
792 1239 931 1301 aDione
948 1245 1171 1303 conservatam
1196 1260 1254 1321 pro
1269 1239 1392 1301 leviore

206 1340 318 1430 habuit
340 1359 473 1421 eamque
497 1341 538 1402 eb
562 1361 630 1404 rem
654 1341 763 1404 omisit
785 1348 841 1404 aut
862 1341 925 1404 Dio
954 1362 1019 1404 non
1042 1348 1212 1405 contentus
1236 1341 1392 1404 eommuui

206 1444 295 1506 fonte
319 1443 415 1506 alium
438 1444 671 1507 accuratiorem
694 1451 822 1508 secutus
846 1453 905 1508 est.
951 1444 1014 1510 Sed
1038 1445 1099 1508 hcc
1123 1445 1225 1508 minus
1249 1446 1391 1508 credide-

206 1535 275 1626 rim,
312 1547 386 1628 quia
423 1548 523 1610 multa
555 1546 672 1610 similia
704 1548 737 1610 in
771 1549 925 1612 ambobus
953 1548 1167 1611 inveniuntur.
1218 1548 1256 1610 ld
1285 1557 1390 1610 autem

206 1650 302 1732 plane
324 1650 558 1732 repudiandum
581 1669 652 1713 esse
687 1652 763 1714 milri
798 1647 934 1731 videtum
970 1653 1054 1734 quod
1079 1653 1327 1715 Weidcmanuus
1356 1650 1389 1711 in

207 1753 362 1834 gymnasii
387 1751 557 1814 Oliviensis
581 1753 712 1836 scripte,
748 1756 832 1834 quod
856 1775 1062 1836 programma
1085 1755 1293 1838 appellamus,
1329 1754 1390 1816 hoe

206 1857 278 1919 leco
302 1857 389 1918 nisus
413 1856 579 1918 contendit
602 1857 731 1919 omnino
760 1878 823 1920 nou
848 1857 992 1920 Cassium
1022 1859 1134 1920 eodem
1159 1878 1220 1938 quo
1245 1857 1391 1920 Tacitum

207 1978 295 2020 usum
319 1978 390 2021 esse
414 1958 512 2021 fonte.
557 1958 791 2040 Nonnunquam
815 1966 919 2022 autem
943 1969 1075 2043 praeter
1098 1980 1294 2022 connnunem
1319 1979 1389 2021 auc-

206 2069 310 2124 torem
333 2061 415 2124 alics
439 2081 564 2143 quoque
588 2067 715 2124 secutus
738 2068 796 2124 cst.
833 2062 968 2145 Saepius
983 2069 1128 2125 nostrum
1151 2063 1213 2124 erit
1236 2063 1295 2124 lree
1318 2082 1391 2124 eou-

207 2165 333 2243 eedere,
347 2165 404 2227 sed
413 2165 675 2228 Weidemannum
688 2165 792 2250 (cujus
805 2166 990 2247 opusculum
1002 2165 1390 2228 annoMDCCCLXVlll.

207 2268 239 2329 in
262 2267 363 2330 lucem
379 2266 513 2348 prodiit)
537 2267 697 2330 refellere.
736 2267 829 2345 Quod
852 2275 957 2331 autem
985 2269 1026 2331 ad
1056 2269 1160 2332 locum
1194 2269 1391 2350 adscriptum

206 2377 239 2432 at
257 2371 330 2449 ¹met,
355 2370 423 2432 veri
447 2370 579 2434 similius
604 2373 809 2454 esscs³putcm
831 2371 994 2453 conjicere
1024 2392 1082 2435 nos
1111 2372 1245 2434 cundem
1269 2372 1389 2432 iontem

206 2474 352 2536 Tacitum
376 2474 459 2536 enim
483 2474 633 2562 omissam
655 2475 929 2538 narratiunculam
952 2495 1011 2557 pro
1034 2476 1158 2538 leviore
1181 2473 1341 2536 habuisse.

205 2591 772 2710 ILasscappadoccsinformam
825 2630 926 2706 LVII,
947 2629 983 2690 17
1010 2624 1026 2710 ἡ
1049 2627 1309 2689 Καππαδοκία
1328 2629 1393 2688 τῶν

206 2731 432 2812 proviueiac
455 2732 589 2795 redacti.
824 2755 860 2792 τε
880 2727 1076 2810 Ῥωμαίων
1098 2731 1259 2811 ἐγένετο,

314 2850 374 2927 Qui
408 2852 499 2932 quasi
530 2852 602 2914 finis
635 2851 721 2914 illius
755 2871 852 2932 supra
886 2851 1041 2933 adscripti
1075 2851 1137 2914 loci
1173 2852 1241 2912 lere
1276 2851 1389 2913 eadem

206 2955 306 3016 uerba
329 2954 481 3016 continet.

205 3092 264 3170 Ill,
288 3090 330 3154 49
357 3091 554 3153 Lutarium
582 3089 768 3166 Priscum,
799 3087 924 3172 titul,
964 3091 1006 3155 ‘20
1043 3088 1138 3164 Γάϊος
1172 3089 1390 3174 Λοοιώριος
1478 3101 1480 3104 ’

207 3195 375 3276 equitem
397 3193 584 3273 Romanum,
614 3201 689 3276 post
716 3214 769 3256 ce·
823 3196 994 3274 Πρίσκος
1036 3191 1172 3267 ἱππεὺς
1210 3189 1312 3266 ἄλλως
1357 3217 1390 3254 es

206 3297 314 3360 leb1·e
338 3307 502 3376 carmen,
528 3317 589 3378 quo
621 3299 769 3359 Germa·
823 3302 918 3377 μέγα
956 3298 1018 3358 ἐπὶ
1062 3295 1219 3379 ποιήσει
1264 3299 1392 3378 caereis

207 3400 283 3463 nici
322 3419 498 3482 suprema
535 3383 768 3476 defleverat,
824 3396 1119 3479 subinscriptos
1146 3394 1391 3479 ἐντίοῲΓερ-

207 3501 770 3586 pecuniadouatumaOeesare
823 3502 977 3582 μανικῷ
1014 3503 1157 3584 ἐπιφανῆ
1192 3499 1390 3582 συγγράψας,

208 3605 403 3688 corripui-t
418 3605 585 3685 delator,
603 3605 770 3687 objectans
825 3598 908 3665 ὥστε
930 3608 996 3665 καί
1009 3603 1187 3688 χρήματα
1211 3603 1252 3666 δι’
1272 3599 1393 3666 αὐτὸν

208 3728 326 3790 aegro
350 3708 474 3771 Druso
503 3707 771 3790 composuisse
824 3703 948 3768 πολλὰ
971 3704 1094 3788 λαβεῖν,
1118 3706 1259 3770 αἰτίαν
1281 3706 1394 3786 ἔσχεν

350 3812 434 3892 quod
473 3859 607 3873 .....
646 3812 769 3893 majera
825 3807 865 3884 ὡς
888 3812 954 3871 καὶ
977 3810 1040 3871 ἐπὶ
1063 3812 1112 3890 τῷ
1135 3808 1292 3891 Δρούσῳ
1315 3807 1392 3870 ποί-

206 3914 648 3997 praemicvulgaretur....
679 3914 770 3977 51..
825 3936 892 3995 ημα
920 3909 1024 3994 παρὰ
1053 3910 1119 3995 τὴν
1154 3910 1267 3974 νόσον
1301 3912 1394 3975 ciceri

206 4017 382 4098 ductusque
404 4017 438 4079 in
458 4036 621 4080 carcerem
637 4016 766 4079 Priscus
827 4019 1043 4088 σοντεῦεικως
1066 4061 1124 4076 ...
1149 4016 1204 4076 καὶ
1227 4012 1392 4097 ἐδικάσθη

208 4119 378 4200 statimque
421 4119 674 4182 exanimatus.
735 4119 773 4181 Id
827 4120 882 4181 καὶ
905 4114 1118 4181 ἀπέθανεν.
1154 4106 1256 4180 toto
1281 4121 1393 4198 Τιβέ-

208 4221 773 4304 Tiberiussolitissibiambagibus
803 4199 907 4306 ξριας
951 4217 1227 4303 αααααααήαας
1338 4222 1394 4281 aa

208 4327 292 4407 apud
316 4323 756 4393 senatumineusavit....
804 4309 987 4408 levisnec
1023 4319 1131 4398 αὐτοῖς
1164 4331 1245 4398 (τοῖς
1266 4322 1395 4406 pontec-
1438 4403 1448 4426 ·
