3168 4798
403 1254 493 1364 ll.¹
535 1252 804 1366 Suetonius
841 1257 891 1365 et
923 1254 1135 1366 Tacitus.

181 1461 255 1560 Quo
286 1496 358 1560 loeo
381 1495 451 1578 jam
480 1500 624 1559 nostrum
647 1502 697 1558 est
719 1495 905 1560 Suetonium
928 1517 998 1559 cum
1025 1496 1147 1560 duobus
1175 1497 1247 1562 aliis
1275 1517 1359 1562 com·

178 1619 305 1682 parare.
350 1598 492 1662 Primum
514 1598 643 1681 quidem
666 1597 813 1661 Tacitum
835 1598 976 1661 conferri
999 1604 1137 1681 oportet.
1187 1599 1268 1664 Nam
1295 1602 1358 1666 Dio

177 1701 296 1784 partim
325 1701 460 1765 eundem
487 1701 609 1764 fontem
643 1721 736 1781 quem
767 1700 833 1780 ille,
868 1706 995 1764 secutus
1030 1707 1079 1764 est
1111 1701 1229 1783 partim
1255 1705 1357 1768 minus

178 1793 328 1868 accurato
352 1810 385 1868 et
406 1803 543 1868 verbose
566 1803 606 1866 de
629 1803 761 1866 Tiberio
784 1803 908 1866 loeutus
931 1809 990 1866 est.
1034 1803 1225 1886 Priusquam
1253 1812 1359 1872 autem

179 1907 454 1990 comparationem
486 1905 632 1971 Suetonii
669 1925 738 1968 cum
771 1905 886 1969 Tacito
922 1906 1125 1988 instituimus,
1163 1909 1359 1973 concedatur

177 2010 271 2073 nobis
294 2016 399 2090 antea,
424 2016 459 2074 ut
481 2027 762 2073 commemoremus
785 2028 845 2072 nos
866 2009 954 2072 nolle
976 2009 1096 2072 reverti
1124 2009 1165 2072 ad
1182 2010 1253 2092 jam
1274 2030 1356 2075 com·

176 2119 309 2196 paratos
331 2112 446 2176 Diouis
467 2111 567 2192 locos,
592 2109 723 2174 siumlac
746 2110 915 2176 Suetonius
938 2131 1009 2174 cum
1036 2111 1094 2175 tali
1121 2112 1256 2176 Taciteo
1281 2133 1356 2178 con·

177 2215 284 2296 sentit,
309 2234 402 2296 quem
426 2234 443 2278 e
466 2214 554 2277 fonte
582 2213 739 2278 communi
766 2220 924 2296 sumptum
951 2233 1023 2278 esse
1056 2215 1181 2284 seimus.
1225 2215 1259 2282 Si
1281 2215 1356 2282 Sue·

176 2318 283 2381 tonius
305 2317 419 2380 tertius
443 2311 580 2396 additur,
614 2335 667 2379 res
689 2335 755 2379 nou
776 2322 997 2380 commutatur.
1040 2316 1218 2382 Rarissime
1250 2323 1357 2383 autem

177 2420 383 2501 Tranquillus
419 2439 491 2483 cum
528 2418 651 2482 duobus
688 2417 759 2480 aliis
797 2419 932 2482 eundem
968 2420 1089 2483 fontem
1122 2439 1192 2484 esse
1229 2428 1357 2486 secutus

175 2523 312 2586 videtur.
356 2521 422 2587 Sed
443 2521 632 2585 accedamus
662 2521 703 2584 ad
725 2521 939 2604 propositum!
983 2522 1162 2616 Praecipue
1194 2523 1356 2588 Henricus

175 2623 348 2689 Reiehau
369 2624 403 2688 in
425 2623 653 2688 dissertatione
676 2643 734 2687 sua
757 2624 931 2704 contendit,
955 2624 1101 2688 Tacitum
1124 2631 1157 2688 et
1171 2623 1356 2690 Suetonium

176 2727 304 2810 saepius
326 2727 483 2790 communi
506 2733 637 2790 auctore
660 2745 735 2790 usos
759 2745 840 2790 esse.
885 2726 1108 2790 Examinemus
1137 2727 1236 2809 igitur
1266 2728 1356 2793 locos

176 2831 217 2894 ab
239 2830 296 2894 illo
318 2830 475 2913 prolatos,
499 2829 613 2910 quibus
636 2829 769 2892 eaedem
790 2848 843 2892 res
860 2828 980 2892 abillis
997 2835 1206 2912 exponuntur.
1240 2831 1356 2896 Plures

151 2933 321 3006 ,invenire
343 2951 407 2996 non
431 2951 607 3014 possumus,
642 2931 717 3014 quia
738 2931 976 2996 Reiohavius
1000 2950 1093 3013 quam
1114 2931 1268 3014 plurimos
1285 2932 1356 3016 jam

175 3035 320 3100 contulit.
902 3045 904 3049 ’

175 3139 290 3221 111,21
326 3137 530 3222 (Augustum)
566 3137 739 3201 ambitione
791 3136 817 3216 Ι,
832 3135 873 3200 10
887 3135 1037 3218 quoniam
1052 3135 1276 3218 adrogantiam
1287 3155 1354 3200 sae-

176 3247 321 3322 tractum,
345 3247 380 3304 ut
402 3241 460 3304 tali
483 3259 670 3305 successore
687 3240 739 3303 de·
791 3238 964 3320 vitiamqne
1001 3237 1070 3320 ejus
1114 3238 1353 3321 introspexerit,

174 3343 379 3409 siderabilior
426 3343 497 3427 ipse
546 3343 739 3426 quandoque
791 3340 1031 3423 comparatione
1075 3339 1249 3404 deterrima
1292 3341 1354 3412 sibi

174 3448 276 3512 fieret.
791 3441 927 3526 gloriam
949 3441 1156 3524 quaesivisse.

281 3549 463 3613 Verborum
484 3546 569 3612 ratio
592 3546 705 3610 eadam
725 3545 853 3608 videtur
875 3563 957 3608 esse.
1001 3543 1066 3609 Sed
1086 3542 1207 3608 nullum
1221 3544 1353 3608 verbum

174 3653 208 3716 in
231 3653 383 3717 ambobus
405 3651 490 3714 idem
511 3649 683 3714 iuvenitur.
719 3647 845 3711 Deinde
861 3645 1030 3737 Suetonius
1046 3652 1143 3710 autea
1163 3647 1351 3728 Augustum,

175 3760 402 3838 ,expugnatum
416 3752 566 3837 precibus
581 3749 690 3816 uxoris
705 3749 911 3834 adoptionem
926 3767 991 3812 non
1006 3747 1165 3829 abnuisse,
1187 3748 1241 3812 vel
1257 3747 1353 3812 etiam

175 3858 359 3922 ambitione‘
383 3903 465 3921 ....
499 3853 653 3919 narravit.
697 3851 830 3936 Apertis
851 3850 951 3934 igitur
971 3850 1079 3915 verbis
1095 3849 1266 3916 Suetonius
1287 3869 1353 3913 non

176 3959 369 4025 sententiam
391 3978 411 4022 a
433 3957 547 4022 Tacito
570 3962 737 4040 acceptam
768 3954 895 4038 probat.
938 3954 1039 4018 Immo
1057 3971 1149 4033 uero,
1183 3952 1211 4016 si
1244 3969 1352 4036 perse·

175 4062 283 4145 queris
307 4081 378 4126 eum
398 4060 519 4144 legere,
551 4078 624 4124 eam
656 4057 778 4123 refellit
808 4075 1016 4139 rumoresque
1047 4053 1207 4138 repudiat.
1252 4053 1353 4131 Quam

175 4164 216 4228 ob
238 4184 306 4230 rem
329 4183 347 4228 e
367 4163 458 4228 fonte
481 4160 639 4226 communi
664 4159 831 4242 utriusque
850 4158 1069 4222 narrationem
1093 4163 1253 4240 sumptam
1279 4173 1352 4220 esse

174 4262 239 4331 n'on
261 4265 492 4332 contenderim.
536 4263 619 4328 Nam
641 4262 773 4329 Tacitus
796 4261 897 4326 solam
918 4261 1007 4326 illam
1029 4258 1213 4342 adoptionis
1228 4257 1353 4322 Tiberii

175 4389 302 4436 causam
324 4367 451 4453 profert
471 4367 525 4432 vel
547 4383 567 4431 a
587 4365 708 4449 populo
730 4363 891 4447 prolatam
912 4364 1039 4448 probat.

1126 4531 1147 4596 3
