3148 4802
199 527 404 610 quaestiones
448 527 541 590 nobis
586 527 769 609 propositas
814 547 878 590 non
924 528 1083 610 gravioris
1132 532 1283 594 momenti
1323 512 1382 595 est.

197 630 309 713 Nuper
336 630 452 692 deinde
474 630 632 693 Johannis
660 629 900 694 Froitzheim
933 630 1215 714 Norimbergensis
1248 635 1382 697 Bonnae

199 731 514 817 (Mooconxxffl)
549 731 810 795 dissertationem
839 734 940 796 edidit
967 734 1007 796 de
1036 734 1141 798 Taciti
1174 736 1314 800 fontibus
1348 737 1381 799 in

197 836 279 900 libro
302 836 406 918 primo
430 834 601 898 00001100.
647 835 711 900 Sed
743 836 776 898 in
805 837 854 898 his
882 837 1088 917 acquiescere
1115 857 1180 901 non
1202 859 1380 922 possumus,

198 938 283 1020 quod
305 938 474 1001 Reiclruu
496 937 649 1019 graviora
672 938 829 1018 quaedam
852 940 1070 1020 praetermisit
1101 947 1133 1003 ct
1156 961 1381 1025 nonnunquam

117 1119 123 1132 ,
197 1079 238 1087 --
265 1041 362 1104 hoc
347 1061 417 1122 jam
445 1041 666 1105 Schroeder
699 1042 909 1123 reprehendit
945 1079 987 1087 —
1021 1042 1157 1106 celerius
1192 1045 1381 1126 dijudicavit

197 1165 290 1226 quam
312 1144 458 1207 licuitot
425 1150 550 1207 otoert
551 1143 598 1205 ius
622 1142 708 1206 locut
696 1149 745 1206 tus
769 1150 819 1206 est
842 1165 935 1226 quam
958 1165 1010 1208 ros
1034 1148 1221 1228 posc'ebant
1200 1148 1380 1211 tFroitz-

196 1248 356 1311 lreimiana
379 1247 506 1327 quidem
529 1246 714 1308 dissertattutio
739 1252 788 1308 est
776 1248 994 1310 tadmirabili
1021 1250 1198 1330 sagacitate
1235 1256 1268 1312 et
1255 1250 1379 1313 tdilu-

196 1352 269 1414 cida
291 1350 447 1429 oratione,
482 1350 539 1412 sed
573 1370 644 1412 cum
677 1356 799 1412 tantum
827 1351 900 1412 libri
930 1351 1023 1432 primi
1052 1352 1159 1415 sontes
1183 1353 1377 1435 exploraret,

195 1475 260 1516 non
276 1453 354 1516 satis
370 1459 458 1516 certe
476 1452 627 1534 judicare
642 1453 755 1535 potuit.
795 1453 917 1516 'lumen
940 1454 1078 1517 libenter
1102 1457 1170 1536 ejus
1187 1456 1380 1518 sententiam

196 1557 236 1620 de
259 1556 415 1620 bellorum
439 1557 703 1620 Germanicorum
726 1576 745 1618 0
768 1557 882 1620 Το0110
911 1557 1102 1620 traditorum
1136 1559 1224 1622 fonte
1253 1580 1379 1642 sequar.

195 1660 267 1722 Non
291 1679 418 1742 semper
441 1666 547 1723 autom
570 1679 651 1740 quae
681 1659 821 1742 conjecit
848 1662 1059 1743 comprobare
1087 1682 1216 1744 possum
1244 1663 1378 1726 aliorum

195 1764 350 1826 librorum
372 1763 498 1826 ratione
522 1764 640 1826 habita.
680 1763 751 1826 ¹Sed
780 1763 965 1844 priusquam
998 1764 1060 1846 ipsi
1094 1765 1229 1828 sontium
1262 1767 1378 1846 disqui-

196 1866 305 1929 sitioni
330 1866 502 1946 studemus,
526 1885 630 1948 pauca
653 1870 748 1927 antea
768 1884 827 1927 nos
843 1865 930 1946 loqui
947 1867 1110 1948 oportebit
1126 1868 1166 1931 de
1181 1869 1378 1950 temporibus
1409 1905 1415 1916 ·

196 1976 369 2049 auctorum,
394 1969 448 2051 qui
471 1968 594 2031 Tiberii
617 1967 772 2050 principis
788 1967 955 2030 historiam
970 1967 1180 2048 tradiderunt,
1206 1970 1322 2033 deinde
1339 1971 1378 2032 de

195 2091 314 2154 genere
338 2070 509 2150 scribendi,
534 2070 619 2150 quod
641 2069 674 2131 10
698 2069 762 2132 illis
785 2070 973 2149 invenimus,
998 2070 1174 2150 dequibus
1198 2079 1322 2153 agetur,
1346 2073 1378 2135 in

194 2175 324 2256 Vellejo
347 2172 529 2257 Paterculo,
553 2172 703 2236 Cornelio
721 2172 846 2252 'l'acito,
871 2172 1025 2237 Suetonio
1042 2172 1241 2256 Tranquillo,
1266 2175 1378 2238 Cassio

194 2279 309 2344 Dione.

302 2397 405 2462 Unius
432 2402 556 2460 tantum
583 2395 726 2477 aequalis
760 2415 841 2477 opus
875 2395 917 2460 ad
951 2415 1009 2460 nos
1043 2397 1199 2479 pervenit,
1238 2417 1278 2460 ox
1315 2419 1377 2479 quo

194 2501 292 2566 vitam
315 2500 438 2564 Tiberii
462 2498 611 2562 Caesaris
634 2518 832 2580 cognoscere
855 2519 1033 2581 possumus,
1078 2500 1159 2564 Dico
1182 2501 1303 2584 Velleji
1332 2503 1377 2564 hi-

195 2603 315 2670 storiao
337 2602 501 2668 Romanae
525 2603 566 2664 ad
592 2601 631 2665 11.
655 2602 817 2666 Vinicium
850 2603 1014 2666 consulem
1047 2603 1147 2667 libros
1181 2605 1271 2667 duos.
1317 2603 1377 2681 Qui

193 2707 304 2770 titulus
321 2706 391 2788 jam
414 2725 472 2768 uos
496 2706 600 2786 docet,
636 2725 697 2786 quo
726 2711 870 2788 tempore
899 2705 959 2769 hoc
990 2706 1176 2788 opuseulum
1199 2707 1377 2788 perfeetum

195 2810 245 2874 sit.
280 2809 414 2892 Spectat
436 2809 520 2872 enim
543 2809 583 2871 ad
607 2828 731 2887 annum,
756 2829 818 2889 quo
835 2808 877 2872 M.
894 2809 1040 2872 Vinicius
1064 2810 1176 2874 consul
1192 2816 1270 2873 erat.
1308 2810 1376 2873 Nec

194 2913 296 2976 minus
320 2918 471 2993 quantum
493 2912 647 2994 temporis
670 2911 817 2993 Vellejus
841 2912 873 2976 in
897 2913 1068 2977 scribendo
1091 2920 1238 2976 versatus
1262 2913 1312 2992 sit,
1337 2933 1377 2975 cx

193 3016 265 3098 ipso
299 3015 424 3079 scimus.
470 3014 604 3097 Semper
639 3015 722 3078 enim
755 3015 844 3078 illum
878 3016 998 3080 Vinicii
1032 3016 1179 3079 consulat
1166 3022 1230 3078 utm
1264 3015 1378 3078 alludit

195 3118 294 3202 (Ι,8,
318 3117 360 3197 Ι,Ι
385 3117 440 3198 36,
464 3117 506 3196 ΙΙ,
529 3117 652 3199 49,1,Ι
680 3118 753 3199 103,
789 3138 863 3182 usus
893 3140 960 3182 sum
984 3119 1375 3198 0111Ι100οΙ0060001000,

194 3220 321 3303 qualem
342 3167 526 3284 Fridericus
549 3221 679 3284 Haase
702 3221 904 3305 recensuit).
934 3222 1029 3288 Unde
1053 3223 1214 3304 conjicere
1236 3221 1314 3284 lieet
1336 3223 1376 3284 ab

195 3330 325 3388 auctore
349 3324 535 3405 opusculum
557 3324 706 3388 illudt
658 3345 690 3386 1n
693 3330 742 3388 ter
770 3345 889 3406 paucos
918 3345 1044 3388 menses
1077 3325 1153 3388 anni
1186 3324 1270 3386 illius
1306 3343 1376 3388 esse

194 3427 382 3509 perfectum.
426 3426 499 3490 Non
523 3427 602 3491 levis
625 3427 777 3491 momenti
800 3428 860 3490 hoc
883 3427 958 3492 mihi
988 3427 1124 3490 videtur.
1169 3427 1251 3491 Nam
1284 3427 1376 3508 hujus

193 3530 242 3592 rei
264 3549 421 3594 memores
444 3548 548 3611 neque
572 3530 715 3593 severius
739 3529 859 3611 Velleji
882 3529 982 3592 libros
1006 3529 1250 3612 dijudicabimus
1273 3549 1376 3610 neque

194 3633 234 3696 ab
258 3651 296 3696 co
318 3632 560 3714 postulabimus,
596 3633 679 3712 quod
713 3634 747 3696 in
775 3652 874 3714 opere
898 3632 1042 3695 omnibus
1065 3633 1205 3694 numeris
1228 3632 1376 3694 absoluto

194 3735 398 3817 exquirimus.
443 3735 492 3798 Ex
515 3735 579 3799 alia
601 3736 698 3798 etiam
721 3755 818 3800 causa
840 3735 986 3816 intellegi
1009 3741 1117 3817 potest
1144 3735 1255 3814 quanti
1282 3735 1377 3798 aesti-

194 3838 342 3902 mandum
365 3838 415 3917 sit,
440 3838 619 3902 accuratius
643 3839 729 3919 quod
753 3839 792 3901 de
807 3846 953 3920 tempore
974 3838 1134 3902 docemur.
1180 3837 1269 3900 Tunc
1293 3837 1376 3900 enim

194 3941 328 4022 Sejanus
352 3940 463 4004 favore
487 3941 610 4005 Tiberii
638 3961 759 4004 summo
787 3942 908 4005 fruetus
938 3946 988 4004 est
1014 3940 1066 4004 vel
1100 3940 1163 4003 frui
1196 3941 1282 4004 uisus
1317 3947 1376 4002 est.

193 4043 350 4126 Princeps
374 4050 481 4108 autem
495 4043 630 4120 Romam
646 4043 717 4125 jam
739 4064 804 4107 non
826 4044 968 4125 intravit,
993 4044 1050 4106 sed
1073 4044 1107 4107 in
1129 4043 1234 4108 insula
1250 4064 1306 4108 sua
1323 4042 1375 4104 ab·

194 4147 279 4210 ditus
302 4147 383 4209 vixit
404 4147 490 4210 solus
513 4167 578 4211 000
601 4149 670 4211 siue
693 4168 751 4212 sua
771 4148 870 4230 ipsiu's
886 4148 989 4230 culpa,
1013 4149 1174 4211 hominum
1191 4143 1376 4229 conspectui

195 4250 367 4312 detractus.
412 4250 450 4312 10
472 4251 551 4313 urbe
575 4250 644 4313 sine
666 4250 731 4312 ullo
759 4250 883 4313 aemulo
912 4251 1094 4332 praefectus
1122 4249 1287 4332 praetorio
1321 4245 1375 4306 do-

194 4351 385 4415 01006010.
431 4350 548 4414 Omnes
573 4352 602 4413 ei
624 4352 855 4420 inserviebant.
