3168 4798
746 403 783 465 ll

281 609 385 672 Etiam
413 609 473 672 hoc
502 609 573 672 loco
607 609 669 671 Dio
692 609 822 678 brevius
855 609 940 672 idem
973 609 1074 672 tradit
1101 609 1188 692 quod
1223 609 1355 672 Tacitus

172 712 344 793 copiosius.

280 831 353 894 Non
377 833 422 894 ita
445 832 649 895 consentiunt
671 839 821 895 auctores
855 831 888 894 in
910 831 1097 894 narratione
1132 833 1172 895 de
1203 831 1354 895 sollieitu-

174 935 310 1014 dinibus,
342 954 423 1016 quus
452 933 601 997 Tiberius
630 934 820 1016 conceperit
846 955 886 997 ex
915 933 1099 998 Germanici
1127 936 1240 998 favore
1268 937 1356 1018 apud

174 1037 334 1119 populum.
385 1036 466 1100 Nam
498 1037 560 1099 Dio
596 1019 719 1100 tantum
754 1037 794 1100 de
829 1037 1027 1099 exercituum
1061 1037 1175 1100 studiis
1202 1038 1354 1121 loquitur.

173 1139 415 1202 Froitzheimius
438 1139 642 1203 nihilominus
669 1139 791 1202 fontem
819 1159 1018 1202 communem
1044 1141 1248 1203 statuendum
1282 1161 1353 1204 esse

171 1250 264 1325 putat
298 1243 385 1325 (pag.
409 1243 451 1306 23
474 1253 507 1306 et
529 1241 584 1323 27)
619 1243 653 1305 in
676 1243 701 1322 I,
727 1242 745 1305 7
775 1249 809 1304 et
830 1241 932 1320 LVII,
956 1241 986 1304 3.
1043 1242 1213 1306 Diversum
1247 1250 1355 1307 autem

172 1355 336 1410 auctorem
358 1345 462 1408 nostri
485 1345 587 1409 secuti
609 1345 738 1408 suntin
760 1346 785 1424 I,
810 1345 829 1409 8
854 1351 887 1408 et
908 1343 1010 1423 LVH,
1037 1344 1085 1407 14.
1116 1344 1245 1408 Cassius
1270 1348 1355 1410 enim

171 1449 318 1512 Tacitum
341 1448 477 1529 corrigit
496 1454 631 1530 propter
652 1454 832 1530 temporum
846 1448 1004 1510 rationem
1021 1447 1203 1529 neglectum
1226 1448 1354 1533 nomine

172 1553 303 1636 quidem
329 1551 415 1614 illius
443 1558 540 1630 tecto,
569 1550 658 1613 velut
689 1550 894 1631 Thucydides
921 1549 1133 1612 Herodotum.
1188 1549 1355 1614 Simillime

169 1657 276 1718 autem
298 1691 341 1699 —
374 1672 438 1715 non
472 1653 544 1715 dico
574 1653 710 1715 candem
737 1672 809 1714 osse
844 1689 886 1697 -
919 1659 969 1715 est
1002 1653 1167 1715 amborum
1200 1654 1349 1716 narratio

173 1759 213 1820 de
237 1759 349 1819 funere
374 1755 440 1817 divi
463 1755 611 1836 Augusti.

171 1878 195 1954 1,
215 1878 249 1941 8:
266 1875 482 1960 populumque
495 1874 601 1938 edicto
616 1874 738 1938 monuit
789 1875 890 1957 LVII,
915 1875 934 1937 2
968 1872 1041 1948 τοὺς
1064 1874 1099 1937 δὲ
1128 1874 1355 1957 σωματοφύ-

171 1999 221 2058 ne,
246 1986 280 2042 ut
304 1973 593 2061 quondam‘nimiis
622 1977 735 2041 studiis
788 1975 910 2051 λακας
944 1972 1026 2059 ἄμφ’
1062 1973 1162 2041 αὑτὸν
1191 1973 1248 2062 ἤδη
1276 1979 1356 2060 ἔχων

171 2083 283 2144 sunus
307 2080 374 2143 diui
389 2080 467 2143 Julii
490 2082 735 2158 turbassent,
790 2079 892 2142 ἐδεῖτο
926 2077 964 2164 δὴ
997 2083 1050 2166 τῆς
1084 2087 1250 2164 γερουσίας
1284 2099 1354 2145 συν-

170 2185 216 2247 ita
231 2188 410 2266 Augustum
432 2184 470 2246 in
493 2185 580 2246 foro
604 2183 736 2266 potius
790 2179 945 2264 ἄρασθαί
958 2178 1211 2268 οἱῶστεμηὸὲν
1225 2189 1356 2267 βίαιον

171 2306 281 2369 (luam
303 2287 340 2348 in
364 2307 495 2368 campo
511 2286 635 2365 Martis,
659 2286 737 2348 sede
790 2286 825 2346 ἐν
840 2286 878 2371 τῇ
892 2287 950 2349 τοῦ
966 2282 1115 2366 σώματος
1131 2282 1231 2352 αὐτοῦ
1252 2289 1355 2373 ταφῇ

171 2391 341 2468 destinata,
387 2390 556 2453 eremari
606 2388 737 2452 vellent.
790 2390 915 2450 παθεῖν
943 2387 1057 2451 ἐδεδίει
1083 2386 1144 2472 γὰρ
1178 2389 1280 2474 δῆθεν
1311 2387 1355 2474 μὴ

172 2493 243 2555 Dic
278 2493 435 2554 funeris
475 2491 622 2554 milites
651 2491 739 2554 velut
790 2511 893 2564 τινες
927 2485 1020 2554 αὐτὸ
1047 2487 1298 2574 ἁρπάσαντες
1320 2495 1356 2556 ἐν

171 2615 231 2676 pra
253 2594 335 2657 sidio
359 2600 489 2657 stetere.
792 2595 830 2676 τῇ
848 2589 960 2679 ἀγορᾷ,
984 2588 1092 2677 ὥσπερ
1114 2592 1158 2658 τὸ
1180 2597 1248 2660 τοῦ
1262 2599 1354 2658 Καί-

716 2680 719 2685 ⁸
766 2677 1115 2780 ioaeogxariooro‘t.

278 2817 391 2899 Neque
407 2816 579 2879 dissimiles
603 2823 676 2878 sunt
698 2816 723 2895 I,
751 2817 790 2880 10
802 2822 835 2879 et
850 2816 934 2896 LVI,
958 2816 1010 2881 45.
1042 2819 1106 2883 Sed
1122 2841 1218 2882 unum
1232 2819 1354 2883 fontem

172 2921 244 2984 huic
267 2921 339 2985 loco
369 2920 505 2983 eundem
535 2920 778 3002 supponendum
813 2939 885 2982 esse
919 2940 983 2982 non
1018 2922 1216 2984 contendere
1244 2922 1354 2985 ausim.

172 3022 312 3087 Difficile
336 3023 433 3086 etiam
463 3029 513 3085 est
546 3023 585 3084 de
613 3021 669 3084 illo
697 3022 769 3086 loco
787 3022 947 3104 judicare,
972 3024 1027 3085 ubi
1051 3032 1181 3087 senatus
1206 3025 1354 3089 condicio

175 3127 357 3209 exponitur,
375 3134 546 3209 postquem
563 3125 712 3188 Tiberius
728 3124 896 3207 imperium
912 3145 931 3188 a
947 3145 981 3189 so
998 3147 1063 3189 non
1089 3127 1157 3209 peti
1180 3127 1351 3206 simulavit,

176 3231 307 3293 Tacitus
332 3230 415 3292 enim
439 3229 558 3291 abillo
582 3229 661 3291 haee
685 3228 772 3291 dieta
795 3229 908 3292 tradit:
939 3248 974 3290 se
996 3229 1031 3291 iu
1055 3237 1181 3311 partem
1205 3250 1355 3294 curarum

172 3334 212 3396 ab
247 3333 303 3395 illo
334 3340 482 3395 vocatum
516 3330 713 3413 experiendo
748 3330 909 3408 didicisse,
946 3351 1044 3413 quam
1078 3333 1221 3410 arduum,
1257 3353 1356 3415 quom

173 3437 350 3516 suujcctum
373 3439 521 3512 fortunae
544 3435 680 3516 regendi
704 3441 819 3497 cuncta
841 3454 931 3497 onus.
980 3436 1017 3518 (1,
1046 3436 1108 3514 11.)
1158 3435 1221 3498 Dio
1247 3445 1354 3502 autem

173 3540 352 3602 accuratius
377 3546 442 3601 tres
466 3545 576 3621 partes
598 3537 743 3601 nominat
765 3543 798 3598 et
821 3536 977 3599 describit
999 3537 1212 3604 Consentiunt
1235 3540 1352 3603 deinde

175 3649 322 3704 aructores
346 3642 380 3704 in
403 3641 594 3724 quaestione
618 3659 638 3702 c
660 3639 756 3703 Gallo
779 3639 876 3703 facta.

174 3761 198 3838 I,
247 3761 299 3822 12:
366 3761 551 3842 interrogo,
623 3759 737 3842 inquit,
767 3757 933 3833 livine
963 3756 1084 3845 ''stoa„
1119 3758 1189 3844 ἔφη,
1224 3759 1282 3847 Ηἣν
1315 3757 1357 3824 ἂν

176 3862 304 3940 Caesar,
345 3885 456 3945 quam
492 3868 642 3946 partem
677 3862 738 3924 rei·
792 3858 981 3947 ἐθελήσῃς
1003 3871 1157 3945 μοῖραν.

175 3965 323 4047 publicae
347 3967 492 4029 mandari
516 3966 574 4028 tibi
596 3965 704 4028 velis.

284 4103 488 4185 Responsum
511 4109 617 4165 autem
639 4121 703 4165 non
727 4101 843 4164 eodem
871 4103 967 4165 modo
1001 4105 1035 4167 in
1066 4105 1191 4184 Tacito,
1226 4130 1289 4191 quo
1322 4110 1356 4173 in

175 4210 280 4273 Dione
295 4206 469 4286 invenitur,
494 4227 629 4288 quorum
643 4204 764 4289 primus
780 4204 859 4267 haee
876 4205 976 4268 verba
991 4207 1106 4271 tradit:
1144 4229 1356 4293 ,nequaquam

176 4313 328 4375 decorum
351 4310 468 4393 pudori
492 4329 550 4372 suo
573 4309 684 4391 legere
713 4306 827 4389 aliquit
850 4313 906 4369 aut
928 4308 1054 4372 evitare
1089 4331 1129 4373 ex
1163 4330 1210 4392 eo,
1246 4316 1297 4377 cui
1323 4314 1356 4378 in

177 4416 360 4478 riuuersum
384 4413 531 4477 excusari
551 4414 670 4476 mallet‘
694 4411 823 4476 Cassius
852 4416 959 4472 autem
980 4411 1071 4475 illum
1088 4413 1207 4477 dixisse
1231 4425 1355 4480 narrat:
