3168 4798
231 542 341 626 spicue
364 543 404 607 16
429 545 537 608 indole
561 565 598 610 66
621 548 770 630 moribus,
795 551 835 614 16
859 552 972 615 studiis
996 531 1341 635 consuetudinibusque
1357 547 1415 616 'lo-

230 653 320 711 eutus
345 653 403 711 est.
449 649 561 731 Neque
585 650 664 713 talia
685 653 779 733 parvi
802 654 874 717 duci
897 664 1040 737 possunt,
1065 660 1257 739 pracsertim
1280 679 1351 719 cum
1374 658 1414 720 de

232 749 365 813 Tiberio
388 751 515 814 homine
539 753 694 835 singulari
718 760 750 818 ct
772 757 900 840 insigni,
926 765 1049 840 agatur.
1088 760 1172 825 Sanc
1188 780 1413 841 nonnunquam

230 854 310 917 alias
334 873 460 937 quoquc
482 853 545 936 res,
571 859 1261 944 1166161161661163661111111066361611,
1287 865 1326 926 dc
1350 883 1412 944 quo

228 959 434 1038 1661113631,
469 960 673 1024 necessariae
696 968 797 1042 crant,
833 963 972 1026 orationi
1001 967 1173 1029 contexuit.
1218 966 1282 1030 Sed
1310 967 1412 1050 6116111

228 1062 289 1125 1166
312 1082 377 1125 non
400 1053 619 1144 repudiandae
643 1071 717 1128 sunt
749 1066 837 1128 volut
869 1067 927 1147 III,
963 1068 992 1130 9.
1037 1068 1205 1132 Postremo
1240 1091 1304 1132 non
1331 1070 1412 1134 levis

228 1166 379 1229 momenti
403 1174 460 1246 est,
495 1168 580 1248 quod
606 1167 766 1233 Hadriani
793 1159 941 1232 Caesaris
974 1173 1170 1253 temporibus
1205 1172 1414 1255 epistularum

228 1270 383 1351 magister
405 1268 576 1333 Suetonius
600 1271 632 1332 in
656 1272 723 1352 ojus
748 1271 820 1334 aula
848 1272 1048 1336 16111111611161
1077 1282 1222 1338 versatus
1256 1282 1306 1338 est
1340 1277 1411 1358 (clr.

228 1374 311 1453 Aug.
328 1373 491 1436 Krausii
520 1373 779 1437 dissertationem
802 1375 842 1436 dc
864 1375 897 1438 C.
916 1355 1058 1439 Suetorhi
1076 1378 1255 1459 Tranquilli
1270 1378 1411 1442 fontibus

229 1482 261 1538 et
284 1476 486 1540 auctoritate.
523 1476 631 1539 Berol.
656 1478 740 1559 typis
757 1477 906 1560 Mylianis
931 1497 997 1540 cxc.
1022 1479 1307 1563 MDCCCXXXI).
1342 1482 1412 1558 Qua

227 1599 263 1641 rc
287 1579 412 1642 facilius
436 1579 465 1642 ei
489 1580 676 1662 contingere
700 1581 812 1662 potuit,
842 1587 877 1643 nt
899 1590 1011 1644 vetera
1033 1584 1154 1665 scripta
1177 1590 1209 1646 ct
1231 1585 1412 1647 litterarum

227 1691 432 1747 monumenta
459 1689 670 1765 cognosceret
697 1685 885 1765 tabulasque
914 1686 1060 1766 antiquas
1096 1687 1290 1771 exploraret.
1334 1688 1410 1769 lpse

227 1786 442 1868 compluribus
465 1786 545 1849 locis
569 1805 604 1848 sc
622 1787 665 1848 'iis
689 1806 778 1849 usum
801 1788 1279 1870 63366111111161111611111115
1303 1795 1334 1852 ct
1357 1790 1409 1853 22.

228 1889 292 1952 Sed
315 1889 500 1970 priusquam
524 1890 564 1953 de
587 1889 646 1952 hac
669 1908 704 1951 re
729 1891 869 1953 certiora
893 1891 1001 1954 dicero
1025 1912 1186 1972 conamur,
1215 1900 1314 1954 tostos
1338 1913 1410 1955 auc-

225 1999 377 2073 toresque
401 1992 453 2055 vel
475 1992 590 2072 fontes,
615 2012 694 2074 quos
717 2014 800 2055 nunc
824 2013 983 2073 vocamus,
1019 2014 1039 2056 a
1061 1995 1214 2059 Suetonio
1249 1996 1410 2058 adhibitos

227 2096 337 2177 quaeri
360 2103 498 2177 oportet.

334 2197 425 2276 Quod
449 2199 490 2261 ad
513 2198 656 2264 Cassium
679 2199 817 2262 Dionem
840 2199 964 2280 attinet,
994 2200 1083 2282 cujus
1105 2201 1180 2263 libri
1203 2200 1408 2282 LIV-LVI,

225 2303 361 2366 maxime
378 2308 483 2366 autem
499 2303 591 2366 LVII
608 2304 763 2367 ctLVllI
779 2303 927 2366 hocloco
943 2303 1138 2385 respiciendi
1155 2309 1236 2382 suut,
1261 2303 1409 2366 similitor
1478 2303 1480 2306 ’

226 2405 340 2468 Tacito
363 2405 397 2468 in
418 2405 584 2488 republica
607 2412 754 2470 versatus
778 2412 857 2470 crat.
903 2406 987 2470 Sanc
1004 2406 1181 2468 Alexandri
1197 2406 1308 2470 Seueri
1331 2411 1408 2468 tem-

225 2509 357 2589 poribus
381 2509 545 2572 consulum
566 2515 813 2591 praetorumque
836 2515 981 2592 potestas
1010 2510 1111 2590 magis
1139 2510 1280 2572 coercita
1313 2527 1408 2589 quam

226 2619 352 2675 centum
375 2618 449 2674 ante
473 2613 564 2675 annis
589 2618 622 2675 et
648 2612 717 2675 fere
745 2613 883 2674 ludibrio
917 2613 1045 2675 reddita
1080 2619 1158 2674 erat.
1205 2613 1327 2674 Tamen
1360 2611 1408 2673 illi

225 2714 286 2776 viri
307 2714 396 2777 velut
410 2715 472 2778 Dio
489 2715 685 2778 exercituum
701 2715 866 2795 stationes,
890 2715 1017 2798 imperii
1039 2715 1161 2776 reditus
1178 2721 1210 2776 ct
1221 2714 1406 2796 uectigalia,

224 2817 315 2900 leges
337 2819 420 2881 latas
443 2825 609 2882 noverant.
645 2819 717 2881 Tali
741 2818 834 2881 modo
851 2819 1024 2880 instructus
1041 2817 1168 2880 Cassius
1185 2818 1225 2880 ad
1241 2817 1408 2879 historiam

225 2921 425 2986 scribendam
449 2923 587 2985 animum
610 2922 742 3005 appulit.
789 2919 858 2998 Qua
879 2922 1005 2983 16116116
1029 2927 1203 2984 commotus
1236 2919 1291 2982 illc
1326 2938 1406 3001 opus
1484 2956 1487 2961 -

225 3045 314 3088 suum
337 3045 529 3108 componere
553 3025 711 3105 statuerit,
735 3025 851 3087 scimus
875 3045 915 3086 ex
938 3025 1076 3106 epitome
1100 3023 1174 3086 libri
1194 3021 1329 3102 LXXII,
1354 3022 1405 3103 23,

224 3129 350 3209 qualem
372 3129 556 3210 Xiphilinus
579 3129 672 3191 nobis
695 3127 838 3191 tradidit.
885 3127 944 3204 Qui
973 3127 1032 3189 hoc
1058 3127 1130 3189 loeo
1159 3126 1273 3187 Illonis
1307 3126 1408 3187 verba

223 3231 413 3313 repetim‘sse
437 3232 572 3294 videtur.
618 3231 702 3296 Sane
727 3231 839 3293 mirum
862 3237 919 3309 631,
952 3230 1036 3310 quod
1060 3229 1189 3292 Cassius
1212 3227 1304 3290 nobis
1328 3227 1407 3289 dicit

224 3334 394 3397 dormienti
418 3334 479 3398 sibi
500 3355 617 3398 numen
639 3335 824 3415 imperasse,
848 3340 883 3413 ut
898 3332 1064 3395 historiam
1081 3331 1246 3394 scriberet.
1285 3329 1326 3394 Sc
1343 3331 1406 3392 dco

223 3437 270 3500 illi
305 3437 517 3500 oboedivisse.
563 3437 688 3501 Deinde
711 3457 781 3500 cum
804 3435 958 3518 opuscula
984 3435 1055 3516 jam
1088 3435 1175 3497 edita
1207 3433 1291 3494 inter
1325 3433 1406 3495 alios
1504 3511 1506 3514 .

222 3540 357 3604 maxime
374 3539 494 3605 chero
511 3540 649 3623 principi
664 3540 870 3622 placuissent,
889 3558 923 3600 se
946 3537 1095 3600 statuisse
1112 3536 1173 3598 sibi
1188 3535 1406 3598 Romanorum

221 3643 387 3705 historiam
410 3644 450 3705 ab
473 3642 564 3705 initio
588 3661 687 3723 usquo
711 3642 755 3716 ad
775 3647 914 3704 aetatem
943 3660 1031 3702 suam
1060 3639 1254 3702 describere.
1299 3638 1405 3718 Magis

221 3753 327 3809 autem
347 3747 454 3828 digna,
479 3765 559 3827 quac
576 3751 821 3828 cognoscantur,
846 3743 948 3808 Cassii
964 3744 1064 3806 rerba
1080 3748 1153 3806 sunt
1170 3741 1317 3824 (LXXII,
1335 3739 1402 3821 23),

221 3849 333 3930 quibus
357 3850 550 3932 decemper
573 3868 673 3911 annos
698 3847 859 3911 scribendi
881 3846 1048 3909 materiam
1081 3865 1100 3907 6
1128 3863 1162 3908 36
1191 3842 1404 3924 conquisitam

221 3973 292 4016 6336
315 3954 468 4016 narravit.
512 3953 577 4020 Por
600 3952 767 4014 duodecim
790 3969 891 4014 annos
915 3949 1030 4012 deinde
1057 3948 1090 4010 111
1118 3946 1253 4009 historia
1276 3964 1403 4026 compo-

219 4057 326 4120 nenda
348 4062 494 4119 versatus
518 4061 576 4119 cst.
621 4054 803 4136 Diligenter
829 4053 927 4136 igitur
955 4057 1066 4115 auctor
1089 4069 1169 4132 opus
1193 4069 1282 4112 suum
1304 4048 1402 4110 maxi-

219 4180 303 4222 mnm
318 4158 537 4241 composuisse
553 4157 697 4221 videtur:
734 4157 800 4220 Otii
823 4157 950 4238 quidem
974 4155 1052 4218 satis
1076 4154 1105 4216 ci
1130 4171 1316 4216 concessum
1331 4157 1404 4212 erat

220 4261 416 4344 aSeptimio
440 4260 671 4341 ethracalla,
706 4267 741 4323 ut
773 4243 923 4324 facillime
958 4259 1132 4321 obseruare
1153 4260 1278 4338 posset
1309 4272 1403 4334 prae-

219 4372 347 4450 ceptum
368 4365 448 4429 illud
469 4364 669 4428 notissimum
684 4369 816 4447 poetae:
852 4384 988 4445 „nonum
1014 4365 1179 4444 prematur
1205 4358 1237 4419 in
1253 4356 1401 4419 annum.“

1536 1195 1538 1228 l

1536 1239 1537 1276 l
