3148 4802
728 369 881 467 Α

212 577 347 653 venitur,
371 576 422 640 cui
444 574 523 637 nihil
546 575 711 638 Taciteum
733 575 917 658 respondet.
962 575 1047 640 Sane
1074 576 1248 640 inhaere
1272 577 1397 640 distant

211 684 371 741 auctores.
417 678 480 742 Sed
503 677 643 739 nondum
658 677 833 759 desperare
849 678 934 741 licet.
980 677 1173 760 Oonjectura
1188 680 1325 761 quadam
1340 681 1396 743 ad-

211 780 313 842 hibita
340 779 579 842 similitudinem
606 779 778 842 restituere
811 799 987 861 possumus.
1033 780 1146 843 Dionis
1184 781 1285 843 rerba
1310 780 1396 843 enim

212 889 365 964 corrupta
402 901 473 944 esse
509 881 637 944 traditis
663 881 899 963 ¹manuscriptis
937 889 1055 963 putam.
1114 879 1394 965 Palaeographico

212 984 306 1047 modo
329 983 480 1048 facillime
502 984 572 1047 fieri
596 984 708 1065 potuit,
731 990 767 1046 ut
788 1003 848 1066 pro
872 979 1055 1066 ἀνήγγειλεν
1076 991 1251 1066 poneretur
1278 981 1393 1066 ἀνήγα-

150 1103 152 1108 ·
211 1107 274 1166 γεν.
318 1086 367 1149 Ea
388 1087 514 1150 ratione
537 1086 681 1148 narratio
704 1085 808 1150 Cassii
831 1087 964 1149 alterius
987 1085 1197 1169 descriptioni
1224 1087 1320 1168 plane
1343 1108 1392 1149 rc-

212 1189 359 1270 spondet.
419 1188 483 1253 Sed
517 1188 811 1252 Wcidemannus
844 1189 967 1260 occurit
998 1189 1092 1252 nobis
1125 1189 1222 1251 etiam
1256 1207 1297 1252 ex
1328 1189 1394 1252 alia

211 1293 318 1354 ca'usa.
368 1291 562 1372 Temporum
590 1282 703 1352 ordine
731 1290 907 1372 scriptores
941 1290 1071 1354 differre
1104 1289 1279 1354 contendit.
1323 1291 1392 1354 Nec

211 1393 340 1456 dubium
363 1399 420 1473 est,
445 1393 520 1475 quin
538 1393 614 1474 jure
637 1392 697 1456 hoc
717 1392 812 1454 dicat.
856 1391 939 1455 Nam
962 1393 990 1455 si
1004 1393 1141 1455 Dionem
1164 1392 1264 1472 audis,
1288 1392 1392 1455 tribus

211 1494 302 1557 annis
324 1501 400 1577 post
422 1501 546 1578 tempus
570 1514 589 1556 a
611 1492 725 1557 Tacito
748 1494 954 1558 constitutum
975 1494 1033 1558 illa
1054 1495 1141 1558 facta
1163 1513 1234 1560 esso
1261 1494 1392 1558 tradere

210 1597 346 1660 videtur.
392 1597 456 1662 Sed
479 1586 619 1661 nondum
641 1598 710 1660 sine
733 1597 798 1672 ullp
821 1598 917 1661 dubio
941 1598 1054 1661 verba:
1092 1593 1265 1672 τούτωνδ’
1290 1589 1392 1670 οὕτως

210 1699 246 1759 ἐν
268 1697 307 1783 τῇ
326 1683 434 1785 “Poipp
456 1705 646 1781 γιγνομένων
668 1707 732 1762 tam
751 1706 835 1776 arto,
869 1705 904 1762 ut
930 1700 977 1762 ita
1004 1699 1117 1779 dicam,
1151 1697 1390 1779 intelleguntur,

212 1809 246 1865 ut
268 1803 310 1864 ad
332 1823 428 1865 unum
449 1809 572 1865 tantum
594 1823 710 1864 annum
732 1820 886 1865 revocare
913 1801 1028 1884 possis.
1073 1802 1157 1867 Sane
1191 1800 1233 1864 ad
1264 1799 1391 1882 longius

208 1905 363 1986 temporis
387 1905 524 1987 spatium
546 1903 755 1986 interpretari
789 1923 828 1966 ea
860 1883 1039 1985 possumus.
1084 1903 1255 1984 Utcunque
1283 1908 1390 1964 autem

208 2027 261 2071 rcs
285 2027 319 2069 se
343 2007 449 2086 habet,
473 2006 535 2068 Dio
558 2006 686 2068 omnino
709 2025 774 2068 non
797 2006 898 2068 solum
918 2025 981 2068 uno
996 2005 1068 2068 loco
1086 2005 1215 2084 erravit,
1240 2004 1325 2086 quod
1348 2003 1390 2065 ad

209 2109 451 2190 chronologiam
473 2114 608 2190 spectat,
645 2107 703 2170 sed
730 2108 827 2171 etiam
849 2107 1064 2189 compluribus
1099 2107 1201 2190 (velut
1221 2106 1323 2185 LVII,
1350 2105 1389 2168 19

210 2221 242 2276 et
264 2212 382 2290 LVIII,
406 2210 448 2273 23
471 2212 511 2274 cf.
535 2210 612 2273 Tac.
636 2230 708 2273 cnn.
732 2210 789 2287 VI,
813 2210 856 2275 20
881 2216 915 2273 et
936 2209 993 2289 VI,
1025 2207 1088 2290 19).
1148 2209 1205 2274 Sin
1237 2208 1288 2272 cui
1324 2226 1389 2269 non

208 2334 397 2398 persuasum
420 2321 478 2391 est,
502 2313 584 2376 hunc
606 2313 711 2376 locum
734 2312 930 2394 adscriptum
955 2330 972 2374 e
996 2310 1084 2374 sonte
1118 2310 1275 2374 communi
1308 2329 1389 2372 sum-

207 2422 297 2499 ptum
319 2436 400 2494 csse,
425 2436 496 2478 cum
518 2415 767 2497 praetermittat!
813 2411 927 2478 Plures
951 2413 1035 2476 enim
1057 2413 1112 2476 alii
1136 2412 1273 2474 aderunt
1287 2417 1387 2474 testes

208 2519 369 2603 opinionis
391 2523 532 2597 nostrae,
556 2517 657 2580 velut:

208 2656 302 2735 VI,2
324 2660 459 2738 repento
475 2653 641 2736 Togonius
658 2651 769 2717 Gallus
822 2652 940 2732 LVIII,
968 2652 1005 2715 17
1040 2651 1153 2737 ἕτερον
1175 2678 1207 2718 τι
1241 2657 1386 2738 γελοιό-

207 2805 214 2820 .
229 2804 236 2821 .
250 2805 278 2820 ..
293 2776 361 2839 per
376 2755 621 2820 diridioulum
633 2754 769 2818 auditur.
823 2776 936 2836 τερον
952 2754 1087 2836 ἐγένετο·
1110 2765 1387 2843 προχοιρίσασ.

205 2859 288 2922 Nam
315 2859 495 2941 principem
526 2859 641 2922 orabat
675 2856 769 2921 dcli·
822 2859 899 2918 δαί
919 2879 961 2920 τε
982 2853 1042 2942 γὰρ
1064 2853 1167 2922 αὐτὸν
1194 2855 1308 2937 ὅσους
1341 2859 1388 2928 ἄν

206 2940 299 3043 ςονό
338 2967 558 3042 senatores,
597 2981 642 3024 ex
684 2961 768 3043 quis
823 2956 994 3044 ἐθελήσῃ
1010 2959 1115 3041 σφῶν
1135 2964 1244 3038 nali}
1260 2959 1387 3030 αὐτῶν

206 3061 769 3145 vigintisorteductietferro
823 3057 988 3136 εἴκοσιν,
1026 3058 1080 3136 οὓς
1116 3059 1159 3126 ἄν
1194 3062 1212 3127 d
1245 3065 1386 3152 κλῆρος

207 3165 364 3244 accinti,
403 3165 582 3246 quotiens
624 3164 769 3228 curiam
823 3159 1233 3250 ἀποφήνῃ,φροοροῖς,
1250 3164 1387 3245 ὁσάκις

204 3267 366 3345 inisset,
402 3266 536 3329 salutem
564 3267 632 3347 ejus
661 3266 768 3329 defen·
823 3261 865 3328 ἄν
886 3265 1385 3358 ἐςτὸβοολεννήριονέσίῃ,

205 3368 328 3430 darent.
822 3368 976 3451 ξιφίδια
1008 3368 1138 3450 ἔχουσι
1174 3370 1319 3456 χρῆσθαι
1352 3376 1385 3435 δ·
1465 3435 1473 3450 ,

823 3475 1060 3556 ψηφίσαννο.

311 3607 433 3670 Eadem
455 3609 495 3670 ab
512 3608 664 3670 ambobus
688 3606 784 3689 plane
807 3608 921 3671 eodem
943 3609 1038 3673 modo
1053 3610 1223 3674 traduntur
1246 3619 1383 3694 excepto

203 3710 331 3774 nomine
347 3709 443 3788 Galli,
469 3709 555 3792 quod
570 3708 632 3770 Dio
649 3709 777 3772 silentio
793 3709 1012 3792 praetermisit
1034 3729 1137 3792 aeque
1160 3730 1198 3775 ac
1213 3712 1384 3775 multorum

203 3810 338 3874 aliorum
360 3812 498 3876 nomina.

202 3948 260 4027 VI,
284 3948 304 4010 3
332 3948 462 4012 Iunium
488 3948 680 4028 Gallionem,
710 3949 765 4031 qui
819 3947 937 4028 LVIII,
964 3947 1003 4012 18
1033 3943 1172 4010 Ἰούνιον
1205 3945 1382 4024 Tulliana,
1471 4023 1474 4030 Ι

203 4056 382 4128 censuerat,
406 4058 442 4113 ut
462 4049 662 4132 praetoriani
684 4051 765 4114 actis
817 4053 905 4112 θέαν
932 4055 1000 4124 τοῖς
1026 4049 1384 4134 διαστρατενσαμένοις

202 4150 371 4231 stipendiis
399 4151 455 4234 jus
483 4150 706 4233 apiscerentur
732 4152 766 4216 iun
817 4150 898 4228 (τῶν
935 4149 1138 4236 δορυφόρων)
1175 4153 1211 4214 ἐν
1243 4153 1285 4239 τῇ
1317 4152 1383 4218 τῶν

201 4252 764 4332 quatuordecimordinibussedendi,
817 4250 941 4316 ἱππέων
968 4252 1047 4338 ἕδρᾳ
1075 4251 1241 4328 δίδοσθαι,
1275 4257 1382 4339 ἐσηγο-

201 4351 360 4415 violenter
382 4353 565 4434 increpuit.
582 4399 590 4417 .
607 4401 615 4416 .
632 4400 640 4417 .
657 4354 765 4418 statim
818 4352 961 4434 σάμενον
992 4353 1036 4437 μή
1062 4353 1164 4436 μδνον
1191 4355 1381 4439 φνγαδεὺ-
