3168 4798
792 371 835 463 lo

218 605 310 687 ierat,
348 625 509 671 secessum
542 605 736 690 Campaniae
769 605 877 690 pet'pl‘
922 603 1098 688 Utriusque
1130 605 1229 689 igitur
1266 611 1404 670 mortem

219 714 331 774 auctor
354 709 467 774 eodem
488 709 561 774 loco
583 709 689 773 habet.
733 709 772 773 In
795 708 898 774 altera
913 715 1020 773 autem
1033 714 1137 793 parte,
1161 707 1258 772 etiam
1273 727 1404 773 eausam

219 812 331 876 mortis
353 811 452 876 fuisse
475 811 667 876 Germanico
689 831 749 896 per
772 809 829 876 Gn.
851 811 1004 876 Pisonem
1035 811 1178 895 legatum
1209 810 1322 894 Syriae
1349 811 1404 875 Ti·

217 914 341 979 berium
362 914 463 979 credi‘
484 921 605 979 narrat.
650 913 722 1000 (III,
745 912 811 998 52.)
855 913 1027 981 Suetonius
1060 933 1140 998 ergo
1167 915 1239 998 ipse
1265 913 1406 978 credidit

216 1036 282 1080 non
304 1016 451 1081 orbatum
472 1015 572 1081 fuisse
594 1015 660 1081 filio
682 1022 820 1101 utroque
841 1017 1030 1100 prinoipem,
1054 1017 1113 1081 sed
1128 1017 1232 1082 altero
1248 1017 1403 1100 seipsum

217 1119 330 1183 orbum
351 1119 542 1183 reddidisse.
587 1119 641 1185 Sic
663 1137 698 1182 se
725 1119 830 1201 ipsum
863 1119 956 1203 quasi
989 1120 1139 1184 emendat
1171 1120 1224 1184 vel
1257 1119 1401 1202 corrigit.

217 1222 282 1289 Sed
303 1223 365 1286 hoo
391 1241 456 1285 non
490 1221 717 1286 animadvertit
749 1228 813 1302 aut,
852 1223 879 1286 si
915 1222 1152 1304 animadvertit,
1191 1241 1248 1286 eur
1281 1222 1402 1286 distent

215 1325 329 1408 priora
351 1344 370 1388 a
392 1324 626 1407 posterioribus
648 1324 766 1406 verbio,
789 1346 855 1390 non
879 1325 1022 1409 exponit.
1067 1324 1205 1390 Causam
1220 1330 1326 1388 autem
1349 1343 1400 1386 ex·

216 1427 339 1510 plicare
362 1446 452 1491 suum
475 1434 555 1491 erat.
600 1426 765 1492 Facillime
788 1426 873 1491 enim
901 1434 956 1491 aut
987 1428 1151 1510 prioribus
1184 1427 1287 1492 ternis
1320 1426 1400 1490 locis

216 1530 398 1612 significare
426 1535 592 1593 secuturos
621 1528 726 1612 potuit
755 1528 827 1594 fere
862 1530 1043 1594 contraries
1078 1536 1133 1593 aut
1165 1529 1401 1613 posterioribus

215 1633 316 1697 tornis
340 1632 486 1715 seprius
510 1651 635 1696 errasse
659 1632 780 1696 addere
801 1632 916 1716 potuit.
960 1631 1117 1696 Neutrum
1139 1632 1169 1695 ei
1184 1631 1316 1715 placuit,
1341 1631 1401 1696 sed

215 1734 304 1798 nulla
341 1754 377 1798 re
415 1735 609 1817 interposita
647 1740 895 1799 commemorata
928 1734 1014 1801 facta
1047 1735 1202 1798 narravit.
1261 1735 1399 1798 Tantum

216 1837 321 1920 spatio
344 1837 506 1919 disjuncta
528 1844 611 1901 sunt.
655 1836 738 1900 Nam
765 1838 893 1920 priores
914 1837 949 1902 in
970 1837 1075 1921 prima
1096 1842 1191 1920 parte
1212 1837 1330 1917 insunt,
1365 1837 1400 1900 in

216 1959 279 2021 qua
301 1944 413 2003 auctor
435 1939 600 2003 Tiberium
622 1944 657 2003 et
676 1940 760 2004 bene
782 1940 902 2005 vixisse
925 1947 959 2005 et
980 1938 1142 2004 audivisse
1165 1939 1257 2021 dieit;
1291 1946 1398 2023 poste-

214 2042 318 2106 riores
341 2047 447 2105 autcm
469 2042 554 2106 terni
575 2043 608 2104 in
631 2042 743 2123 altera,
767 2043 821 2107 ubi
842 2042 998 2128 principis
1013 2041 1127 2107 'mores
1149 2047 1185 2106 ut
1207 2042 1398 2106 deterrimos

216 2145 397 2228 descriptos
419 2144 606 2209 invenimus.
650 2145 765 2230 Itaque
786 2166 851 2211 non
877 2167 941 2210 uno
967 2153 1081 2212 tenore
1107 2165 1212 2229 nequo
1245 2145 1398 2210 continuo

215 2248 284 2311 vita
312 2247 436 2311 Tiberii
468 2267 489 2311 a
514 2248 668 2314 Suetonio
702 2268 774 2313 esse
808 2249 971 2334 descripta
1002 2255 1120 2333 potest.
1164 2248 1280 2313 Partes
1313 2250 1399 2313 enim

216 2351 284 2434 ojus
308 2351 429 2414 distant
450 2351 535 2415 inter
558 2370 593 2414 se
616 2358 650 2415 et
670 2351 703 2416 in
725 2352 865 2416 moribus
888 2352 1060 2435 descriptis
1088 2353 1170 2416 adeo
1198 2352 1327 2428 distant,
1361 2357 1398 2415 ut

216 2455 330 2518 eodem
352 2461 496 2536 ternpore
519 2473 575 2518 eas
592 2454 632 2517 ab
655 2460 786 2518 auctore
809 2455 1003 2537 compositas
1027 2473 1098 2519 esse
1118 2455 1246 2518 minime
1262 2455 1397 2519 eredere

214 2558 383 2641 possimus.
428 2556 491 2621 Sed
514 2563 627 2621 auctor
648 2576 713 2620 non
736 2556 837 2620 solum
860 2556 995 2621 diversis
1018 2557 1216 2641 temporibus
1237 2559 1271 2621 in
1295 2577 1397 2641 opero

215 2678 273 2723 suo
296 2659 517 2741 componendo
541 2665 687 2722 versatus
703 2664 762 2739 est,
786 2659 844 2723 sed
860 2659 956 2723 etiarn
972 2658 1119 2723 diversos
1134 2659 1240 2724 fontes
1257 2667 1394 2741 secutus,

215 2761 301 2843 quod
317 2761 388 2842 jam
410 2779 509 2843 supra
529 2760 665 2824 vidimus
689 2766 722 2825 et
743 2767 858 2844 postea
879 2760 1087 2825 inveniemus.
1132 2761 1197 2827 Sed
1220 2763 1294 2844 quid
1318 2762 1394 2828 Sue·

214 2864 336 2926 tonium
369 2862 410 2926 ad
437 2863 594 2944 judicium
630 2884 719 2928 suum
755 2865 1010 2928 commutandum
1046 2864 1193 2947 impulit?
1247 2866 1394 2930 Tacitum

214 2964 313 3030 fuisse
335 2966 460 3048 opinor.
506 2966 676 3050 Tempora,
711 2967 824 3049 quibus
846 2967 950 3031 nostri
976 2967 1055 3032 editi
1082 2971 1164 3047 sunt,
1193 2966 1263 3049 jam
1297 2987 1395 3051 supra

214 3068 462 3133 terminavimus.
507 3069 576 3134 Neo
597 3070 697 3132 instat
718 3070 820 3151 nobis,
844 3070 931 3152 quod
952 3070 1021 3133 fere
1044 3076 1197 3152 quattuor
1212 3070 1304 3134 anuis
1319 3077 1395 3154 post

214 3169 365 3235 Taciteos
388 3173 521 3236 annales
541 3171 685 3238 Suetonii
707 3173 741 3235 in
762 3172 865 3236 lucem
883 3172 1076 3256 prodierunt
1094 3173 1190 3236 vitae.
1234 3173 1316 3236 Nam
1339 3173 1394 3236 diu

213 3274 247 3336 in
270 3275 309 3337 iis
332 3275 554 3358 Tranquillum
576 3274 805 3357 componendis
838 3281 1000 3338 versatum
1032 3293 1105 3338 esse
1139 3280 1276 3340 constat.
1320 3275 1394 3340 Hoc

214 3383 337 3441 tanturn
359 3378 454 3440 modo
476 3375 667 3459 intellegere
688 3396 866 3460 possumus,
901 3397 957 3442 our
979 3383 1099 3458 noster,
1135 3377 1190 3460 qui
1223 3378 1255 3440 in
1289 3377 1394 3461 prima

213 3481 299 3566 vitae
323 3486 416 3562 parte
433 3480 475 3543 ad
490 3479 693 3542 describendi
709 3479 844 3543 hominis
860 3478 1004 3544 favorem
1019 3481 1213 3564 propensior
1229 3481 1334 3558 fucrit,
1358 3481 1392 3544 in

186 3570 189 3574 ¹
214 3583 318 3646 altera
340 3588 487 3645 auctores
511 3587 638 3645 securlus
661 3582 711 3661 sit,
747 3582 802 3664 qui
828 3601 893 3646 non
915 3583 961 3645 ita
983 3583 1176 3647 censuerint.
1220 3583 1391 3649 Suetonius

212 3685 347 3769 primam
363 3684 434 3767 jam
455 3690 580 3766 partem
603 3684 796 3765 absolverat,
830 3704 901 3748 curn
923 3685 1055 3750 Tacitus
1083 3686 1216 3749 annales
1250 3706 1325 3750 suos
1357 3688 1392 3751 in

212 3788 315 3852 lucem
338 3787 451 3851 emisit.
496 3785 557 3850 His
585 3786 737 3868 perlectis
763 3785 971 3870 Tranquillus
998 3787 1157 3870 judicium
1190 3789 1231 3852 de
1258 3788 1391 3853 Tiberio

212 3891 331 3954 sactum
353 3888 567 3969 commutavit,
590 3888 773 3971 graviorem
794 3889 979 3954 historicum
995 3895 1132 3954 secutus.
1178 3889 1309 3955 Scilicet
1327 3911 1393 3955 non

210 3993 295 4056 illius
317 3993 418 4057 verba
439 3992 652 4074 transcripsit,
676 3992 734 4056 sed
756 3991 798 4055 ad
818 3991 907 4056 illum
929 3999 1079 4075 spectans
1107 3992 1179 4057 aliis
1207 3994 1392 4058 auctoribus

210 4095 328 4178 partim
351 4095 481 4176 eisdem,
510 4095 624 4177 quibus
646 4094 786 4175 Tacitus,
824 4095 942 4178 partim
972 4094 1066 4159 simili
1096 4095 1191 4159 modo
1213 4095 1266 4160 vol
1287 4095 1391 4179 magis

211 4199 351 4280 maligno
374 4197 469 4261 modo
486 4198 706 4280 judicantibus
727 4196 823 4261 fidem
845 4197 964 4261 habuit.
1008 4198 1124 4281 Itaque
1146 4204 1303 4280 quatenus
1318 4197 1391 4262 fieri

211 4300 325 4383 potuit,
349 4299 519 4365 Suetonius
536 4299 785 4381 descriptionem
804 4319 893 4363 suam
909 4300 1123 4364 eommutavit.
1160 4299 1253 4377 Quod
1267 4306 1390 4364 tanturn

211 4402 245 4465 in
269 4403 373 4466 altera
394 4408 487 4484 parte
511 4401 542 4464 ei
563 4400 663 4464 licuit.
708 4400 773 4466 Sed
794 4420 835 4464 ne
858 4402 983 4483 priores
1006 4402 1208 4466 narrationes
1229 4402 1301 4484 jam
1318 4421 1390 4485 per-
