3168 4798
702 314 857 414 ffi-

188 527 254 585 tum
285 540 366 599 esse,
401 521 458 583 sed
485 519 671 602 conjectura
703 521 808 584 locum
840 518 929 582 illum
962 519 1173 582 emendatum.
1225 519 1269 583 Αῖ
1297 519 1370 601 quis
1426 562 1429 568 ,

187 622 388 706 Nipperdeyi
404 623 657 686 emendationem
674 623 837 706 vituperat
859 621 910 685 vel
931 621 1026 685 aliam
1042 620 1207 685 meliorem
1221 622 1373 704 profert?

187 725 380 789 Necessaria
402 725 471 788 sine
494 725 559 788 ullo
583 725 680 789 dubio
703 745 775 789 esse
798 726 855 789 illa
876 725 1012 788 ridetur.
1055 723 1098 788 m
1113 723 1183 806 jam
1205 724 1238 786 in
1253 723 1372 806 priori-

188 829 246 891 ous
269 827 376 890 verbis
399 828 492 891 ambo
516 828 727 893 consentiunt.
772 826 830 892 sin
857 811 1146 891 notissimarum
1176 826 1237 888 vsu
1266 845 1371 889 emen-

189 931 352 995 dationem
373 929 587 1011 repudiamus,
613 930 718 993 Taciti
741 931 841 993 verba
861 929 946 992 omni
966 929 1092 991 ratione
1107 933 1228 991 carent.
1267 925 1372 1004 Quid?

187 1033 301 1097 Nonne
335 1032 427 1095 nobis
451 1031 644 1095 credendum
678 1039 728 1096 est
750 1031 935 1097 Suetonium
970 1031 1083 1094 eodem
1116 1035 1247 1093 auctore
1283 1049 1372 1092 usum

187 1154 259 1198 esse
293 1154 355 1216 quo
389 1133 556 1198 Tacitum?
618 1133 733 1197 Nonne
768 1133 928 1197 sententia
963 1121 1081 1196 nostra'
1111 1132 1201 1215 prior
1235 1151 1370 1194 commu-

188 1237 288 1300 tanda
310 1237 381 1300 est?

187 1339 246 1420 111,
270 1338 312 1402 53
333 1339 385 1402 lta
407 1340 605 1420 absumptam
622 1339 751 1421 (Agrip
804 1339 861 1417 VI,
907 1338 948 1402 25
985 1337 1134 1400 Tiberius
1177 1336 1372 1399 foedissimis

189 1439 310 1524 pinam)
345 1441 665 1506 criminosissime
706 1441 751 1503 in·
805 1439 1144 1505 criminationibus
1168 1438 1299 1517 exarsit,
1315 1437 1371 1500 im-

189 1551 329 1607 sectatus
352 1549 411 1606 θεῖ.
803 1539 1379 1625 pudicitiam(Agrippinae)arguess.'

294 1662 367 1726 Hoc
390 1681 516 1744 quoque
539 1663 611 1726 loco
635 1662 753 1724 similes
776 1668 850 1725 sunt
872 1665 1029 1741 auctores,
1053 1681 1119 1726 uon
1142 1661 1245 1724 solum
1267 1661 1367 1723 verbo

189 1785 251 1828 uno
273 1764 330 1827 illo
353 1765 411 1827 sed
433 1765 529 1827 etiam
550 1764 647 1842 facto,
671 1764 755 1846 quod
779 1769 939 1827 mortuam
961 1763 1113 1846 princeps
1137 1763 1252 1844 arguit

294 1883 428 1963 ΠΙ,,61,
451 1884 644 1946 Immaturae
666 1882 902 1965 puellaepquia
923 1901 1013 1946 more
1028 1881 1260 1963 traditonefas
1284 1887 1372 1945 esset

189 1985 331 2068 virgines
369 1985 573 2067 strangulari,
612 1985 744 2048 vitiatae
782 1984 871 2066 prius
909 2003 929 2047 a
962 1983 1122 2065 carnifice,
1157 1983 1233 2047 dein
1267 1991 1371 2047 stran-

191 2086 341 2170 gulatae‘.

297 2188 517 2253 Conferendus
541 2194 592 2252 est
612 2188 664 2252 hic
686 2188 775 2252 locus
799 2208 869 2252 cum
891 2188 1005 2251 Tacito
1028 2188 1069 2266 V,
1099 2189 1128 2268 9,
1159 2187 1198 2250 de
1222 2207 1284 2268 quo
1301 2179 1373 2269 jani

191 2310 288 2373 supra
310 2291 441 2373 egimus,
464 2291 519 2353 ubi
540 2290 678 2353 Diouem
701 2310 771 2354 cum
786 2290 904 2364 Tacito,
924 2290 1188 2371 comparavimus.
1234 2290 1373 2352 Tantum

190 2393 359 2458 Suetonius
374 2392 483 2474 plures
507 2392 649 2474 virgines
671 2411 731 2475 pro
755 2411 818 2454 una
840 2399 993 2455 numerat.
1040 2391 1174 2474 Saepius
1196 2393 1255 2454 tali
1278 2393 1373 2455 modo

190 2495 277 2559 faeta
297 2495 330 2557 in
354 2495 455 2577 majus
489 2495 541 2557 vel
574 2494 666 2576 pejus
700 2494 859 2557 extollere
894 2513 988 2557 ausus
1023 2500 1081 2573 θεῖ,
1108 2493 1208 2577 (velut
1228 2494 1287 2574 ΠΙ,
1317 2492 1372 2574 32)
1408 2529 1410 2532 -

192 2598 277 2678 quod
298 2595 384 2660 infra
407 2595 595 2658 videbimus.

189 2733 247 2811 111,
272 2732 312 2796 67
336 2731 432 2809 Quid
457 2731 623 2794 scribam
645 2730 754 2821 robis
807 2732 864 2811 VI,
893 2732 913 2794 6
941 2731 1037 2808 Quid
1060 2731 1226 2794 scribam
1248 2733 1375 2812 robis,

190 2836 227 2899 P.
240 2835 274 2899 C.
291 2842 356 2898 aut
371 2853 442 2914 quo
458 2833 567 2897 modo
580 2833 754 2912 scribam,
807 2839 938 2916 patres
959 2833 1193 2914 conscripti,
1210 2840 1273 2896 aut
1289 2855 1376 2914 quo·

191 2943 258 3002 aut
279 2936 372 3019 quid
395 2935 545 2998 omnino
569 2955 643 2997 non
666 2935 754 2999 scri·
807 2935 915 2998 modo
932 2935 1097 2998 scribam
1119 2941 1184 2998 aut
1199 2935 1290 3018 quid
1306 2954 1374 2998 om-

190 3041 275 3103 bam
301 3039 371 3102 hoc
404 3043 590 3119 tempore,
620 3037 672 3099 dii
701 3057 755 3100 me
808 3037 896 3099 nino
916 3037 1273 3116 nonsoribam,hoc
1291 3044 1375 3100 tem-

191 3141 362 3222 deaeque
420 3139 534 3222 pejus
589 3139 757 3221 perdant
808 3157 915 3221 pore7
940 3138 977 3200 di
1005 3158 1059 3201 me
1088 3139 1375 3220 deaequepejns

191 3241 755 3338 quamoptidieperiresentio,
808 3241 977 3323 perdant
1010 3260 1120 3323 quam
1154 3241 1285 3323 perire
1319 3261 1375 3304 me

192 3344 223 3407 si
247 3344 339 3408 scio.
578 3356 581 3359 ·
668 3415 671 3421 ,
809 3343 958 3407 cotidie
983 3343 1123 3432 sentio,
1148 3343 1294 3406 siscia

299 3462 429 3526 Eisdem
452 3464 550 3544 igitm·
572 3463 680 3526 verbis
704 3463 862 3527 confessio
886 3462 1018 3540 Tiberii,
1054 3481 1136 3544 quae
1164 3467 1307 3542 vocatur,
1332 3464 1373 3525 ab

192 3565 375 3628 auctoribus
409 3566 528 3628 tradita
565 3572 615 3628 ost
659 3565 855 3646 eundemque
899 3570 1015 3646 testem
1048 3565 1141 3628 ambo
1166 3583 1236 3628 esse
1269 3565 1372 3627 secuti

190 3668 352 3730 videntur.

195 3801 200 3812 ·
298 3786 363 3852 Sed
386 3787 462 3867 quid
485 3785 604 3849 rectius
629 3787 699 3852 est?
729 3785 839 3866 Usque
862 3785 903 3847 ad
924 3785 983 3864 ΙΠ,
996 3785 1039 3848 40
1053 3785 1142 3848 nulla
1157 3784 1373 3849 similitudinis

177 3889 328 3971 ¹uestigia
349 3888 567 3969 inveniuntur;
590 3889 624 3950 in
651 3887 856 3969 sequentibus
890 3893 995 3949 autem
1019 3887 1185 3969 particulis
1206 3889 1370 3951 nonnulla.

192 3990 378 4068 Quomodo
410 3990 471 4054 hoc
504 3989 622 4052 factum
656 3989 726 4052 cst?
768 3988 864 4051 Nullo
899 3988 962 4051 alio
995 3988 1057 4050 nisi
1091 3988 1176 4071 quod
1199 3988 1370 4053 Suetonius

177 4093 328 4163 ,diversis
350 4091 545 4174 temporibus
567 4096 677 4173 partes
700 4090 786 4153 vitae
814 4090 1007 4152 Tiberianae
1031 4091 1211 4172 descripsit.
1261 4091 1370 4154 Primo

193 4200 338 4278 tempore
361 4193 515 4276 principis
538 4211 643 4256 mores
665 4212 725 4274 pro
750 4191 840 4255 bonis
857 4192 1065 4273 civilibusque
1088 4193 1207 4256 habuit.
1244 4192 1370 4256 Deinde

194 4296 235 4360 ad
257 4296 353 4359 aliam
376 4295 566 4358 sententiam
593 4294 747 4358 adductus
775 4293 939 4357 Tiberium
968 4300 1143 4357 monstrum
1171 4294 1269 4358 fuisse
1297 4314 1369 4359 eon·
