3168 4798
828 381 870 446 48

254 585 325 663 Qua
357 586 391 650 in
418 604 455 649 re
486 584 654 649 Hucbneri
682 586 858 651 doctissimi
891 587 953 651 viri
981 587 1241 652 dissertationem
1264 605 1361 668 supra
1388 587 1441 649 ad-

255 688 409 771 scriptum
425 707 553 770 sequar,
578 689 631 771 qui
647 689 887 754 accuratissime
909 691 992 754 hanc
1014 709 1083 753 rem
1098 689 1281 772 exploravit
1304 695 1337 752 et
1358 688 1441 752 falsu

254 791 412 874 quaedem
435 791 584 874 exempla
604 792 693 875 prius
716 812 828 875 parum
851 793 1017 858 intellecta
1039 792 1169 866 refellit

361 892 442 958 Sunt
473 893 507 956 in
535 894 678 958 Taciteis
709 895 876 960 annalibus
911 897 1068 978 quinque:
1125 894 1184 975 III,
1219 893 1257 975 4;
1290 892 1362 972 XII,
1392 892 1433 955 23

253 996 328 1077 XII,
352 995 407 1077 24;
431 995 524 1076 XIII,
548 997 603 1078 313
627 997 719 1076 XVI,
742 997 794 1061 21.
1354 1027 1360 1035 ··
1430 1011 1438 1070 ;

361 1098 442 1164 Sunt
463 1099 496 1162 in
512 1098 665 1164 Suetonio
689 1099 843 1182 quinque:
886 1101 911 1180 I,
935 1100 1074 1183 20;111,
1098 1100 1215 1182 531v,
1240 1099 1275 1182 83
1297 1100 1355 1179 IV,
1380 1097 1437 1180 363

255 1203 295 1284 V,
319 1201 372 1265 41.

361 1304 442 1370 Sunt
474 1303 506 1366 iu
541 1302 663 1384 Cossio,
700 1311 856 1388 quatenus
894 1305 934 1368 de
971 1304 1145 1369 Caesarum
1183 1303 1321 1368 historia
1357 1302 1434 1385 egit,

254 1413 392 1491 septem:
422 1405 558 1487 XLVII,
578 1407 632 1488 113
655 1406 807 1489 XLVIII,
831 1409 887 1490 443
911 1407 1017 1490 LVII;
1042 1409 1102 1491 123
1126 1406 1182 1490 21;
1206 1406 1262 1488 23;
1285 1405 1354 1486 LX,
1379 1406 1436 1488 33;

255 1509 391 1588 LXVII,
417 1509 466 1571 11.

363 1609 489 1674 Certius
503 1611 552 1674 ¹de
575 1611 665 1676 sonte
680 1612 838 1676 communi
857 1611 945 1694 loqui
967 1632 1030 1675 non
1054 1613 1157 1693 decet,
1182 1613 1257 1694 quia
1272 1630 1436 1694 perpauca

253 1720 377 1776 tantum
398 1713 491 1776 nobis
514 1720 591 1777 nota
614 1720 696 1779 sunt.
734 1714 799 1781 Sed
822 1714 974 1790 solacium
996 1714 1089 1778 nobis
1104 1715 1241 1797 praebet
1260 1716 1435 1777 Mommsen

254 1815 456 1879 doctissimus
480 1821 513 1879 et
534 1817 760 1899 sagacissimus
787 1817 846 1896 vir,
870 1817 924 1898 qui
940 1815 1000 1901 (int
1030 1815 1169 1880 Hermes
1183 1818 1242 1898 IV,
1266 1836 1339 1899 pag.
1356 1816 1433 1898 318)

254 1918 336 1982 dixit
356 1919 459 2000 magis
481 1919 639 1983 interesse
661 1939 714 1984 res
737 1939 832 2001 quam
853 1920 983 1983 nomine
1004 1919 1150 1983 inveniri.
1195 1919 1304 1983 Rebus
1327 1925 1434 1982 antem

254 2020 332 2084 satis
355 2021 443 2084 claro
466 2021 588 2084 sontem
611 2041 809 2087 communem
832 2020 1007 2104 significari
1029 2028 1147 2105 putem.

766 2313 921 2330 ΜΛΜΛΜΜΛ
