3168 4798
465 1111 551 1223 III.
624 1108 892 1222 Suetonius
930 1113 978 1220 et
1001 1107 1115 1218 'Diu

203 1319 440 1418 Similitudines
463 1354 548 1417 inter
570 1353 756 1418 Suetonium
780 1359 812 1414 et
832 1351 976 1414 Cassium
999 1351 1096 1413 ctiam
1118 1349 1332 1430 inveniuntur,
1358 1350 1386 1412 si

202 1458 334 1524 Tacitus
357 1478 421 1521 non
443 1457 540 1522 tertio
563 1456 635 1519 loco
659 1455 840 1536 comparari
863 1460 981 1537 potest.
1002 1517 1006 1534 ,
1028 1454 1079 1516 Ad
1102 1472 1180 1534 quas
1205 1453 1386 1516 examinan-

204 1560 262 1625 das
285 1561 433 1644 exempla
456 1559 683 1638 adscribcmus,
707 1557 809 1622 velut:

201 1664 260 1743 III,
277 1663 318 1727 26
341 1662 514 1746 Templa,
538 1661 690 1736 flamines,
715 1681 763 1723 so·
817 1659 955 1739 LVII,9
988 1653 1078 1722 οὔτε
1093 1663 1311 1738 venerisne
1327 1652 1387 1720 αὖ·

203 1765 352 1829 eerdotes
375 1766 533 1829 decerni
556 1764 631 1827 sibi
658 1762 764 1845 prohi-
818 1762 869 1842 τῷ
890 1755 956 1842 οὐχ
978 1755 1063 1835 ὅπως
1079 1756 1291 1844 αὗθαίρετον,
1315 1754 1383 1822 ἀλλ’

201 1868 280 1949 buit,
297 1868 394 1932 etiam
410 1874 562 1931 statuas
580 1872 674 1947 atque
690 1865 765 1927 ima·
819 1859 891 1927 οὐδ’
907 1857 1029 1938 ἄλλως
1045 1861 1119 1926 τότε
1133 1868 1167 1945 γὲ
1180 1865 1385 1945 avenesteen.

203 1971 294 2054 gines
336 1970 398 2034 nisi
435 1971 693 2052 permittente
731 1991 766 2034 se
820 1961 895 2030 eiius
918 1961 1051 2028 εΐκονα
1080 1967 1165 2046 ἐξῆν
1191 1960 1308 2030 αὐτοῦ
1332 1962 1386 2029 οὐ·

203 2072 307 2156 poni:
352 2072 608 2155 permisitque
631 2094 675 2138 ca
698 2075 768 2138 soie
821 2069 1028 2152 deuterium.
1041 2063 1386 2152 ἂνπικρυςγαρπαρα-

203 2174 397 2257 conditione,
426 2195 467 2238 ne
490 2176 575 2239 inter
597 2176 768 2240 simulacra
820 2172 944 2256 χρῆμα
978 2166 1283 2256 ἀπηγόρευσε...
1318 2193 1386 2232 ποι-

204 2277 336 2342 deorum
369 2277 426 2340 sed
459 2278 544 2341 inter
580 2295 768 2342 ornamenta
821 2283 878 2338 εἶν.
923 2279 1105 2358 προςέθηκε
1147 2279 1209 2357 μὲν
1244 2271 1303 2358 γὰρ
1348 2275 1387 2358 τῇ

204 2377 330 2444 aedium
352 2387 557 2462 ponerentur.
822 2374 1000 2462 ἀποῤῥὴσει
1016 2371 1068 2442 ὅτι
1089 2372 1135 2440 dv
1149 2375 1197 2462 μὴ
1220 2375 1292 2459 ἐγὼ
1308 2378 1384 2439 ἐπι-

822 2487 965 2565 τρέψω,
988 2487 1181 2565 προςεπεῖπε
1203 2479 1239 2542 δὲ
1261 2474 1311 2544 ὅτι
1326 2475 1384 2544 οὐκ

823 2585 998 2668 ἐπιτρέψω.

313 2702 480 2770 Simillimo
497 2705 591 2768 modo
608 2705 648 2767 ab
672 2704 824 2767 ambobus
846 2703 931 2767 idem
956 2703 1096 2767 refertur
1107 2703 1246 2767 Tantum
1257 2702 1387 2767 Cassius

207 2807 331 2871 Tiberii
353 2811 476 2870 statuas
498 2807 531 2870 in
554 2806 687 2870 aedibus
710 2806 884 2890 permissas
907 2806 1005 2869 fuisso
1028 2824 1093 2869 non
1116 2805 1249 2870 addidit.
1295 2805 1387 2882 Quod
1484 2809 1486 2818 '

207 2908 323 2989 omisit,
348 2909 422 2992 quia
443 2915 567 2973 tantum
589 2909 719 2974 tradere
748 2909 850 2972 voluit
872 2908 1036 2971 Tiberium
1063 2907 1210 2980 similiter
1236 2908 1298 2971 diis
1326 2909 1389 2992 coli

207 3010 358 3076 noluisse.
404 3010 505 3088 Quam
526 3012 568 3074 ob
595 3031 664 3076 rem
692 3017 781 3076 recte
808 3011 909 3074 verba
936 3010 1069 3094 adjecit:
1118 3017 1313 3090 προςεπεΐπε
1338 3005 1389 3074 ὅτι

208 3108 266 3179 οὐκ
288 3114 457 3199 ἐπιτρέψο.
512 3113 594 3178 Nam
627 3114 798 3179 Suetonius
834 3132 960 3196 quoque
995 3119 1116 3177 statuas
1144 3133 1185 3177 nc
1209 3115 1280 3196 quis
1303 3114 1389 3178 inter

208 3217 379 3282 simulacra
400 3217 533 3281 deorum
547 3223 693 3299 poneret,
717 3216 881 3280 Tiberium
903 3216 1079 3298 imperasse
1095 3216 1239 3280 tradidit.
1275 3217 1389 3298 ltaque

208 3339 273 3383 non
301 3325 416 3383 contra
443 3319 579 3383 alterum
611 3319 695 3382 alter
728 3318 889 3402 disseruit,
923 3318 981 3382 sed
1004 3318 1174 3384 Suetonius
1208 3319 1389 3384 accuratius

207 3418 332 3486 taittum
352 3441 421 3485 rem
444 3421 592 3504 exposuit
613 3421 728 3485 Dione.

207 3526 267 3606 III,
290 3524 332 3589 26
353 3523 408 3587 Ne
430 3523 595 3606 Augusti
618 3524 773 3606 quidem
824 3522 969 3598 LVII,8
1002 3521 1044 3586 τὸ
1078 3524 1148 3587 τοῦ
1170 3517 1391 3605 Αὐγούστου

209 3646 356 3708 nemen,
381 3645 570 3709 quamquam
585 3625 773 3690 hereditari-
824 3623 1022 3710 πρόςρημα
1055 3621 1123 3690 οὐκ
1156 3627 1388 3690 ἐπέθετο...

209 3749 270 3810 um,
293 3728 366 3793 ullis
399 3727 475 3792 nisi
509 3728 556 3791 ad
588 3746 701 3810 reges
730 3747 772 3790 ae
825 3729 880 3789 καὶ
903 3723 1091 3810 ὁσάκιςγὲ
1109 3728 1322 3811 βασιλεῦσί
1341 3753 1390 3794 τι·

209 3831 393 3913 dynastas
417 3828 750 3914 epistolisaddidit.
826 3849 890 3893 σιν
926 3828 1148 3906 ἐπέστελλε,
1194 3835 1249 3895 καὶ
1286 3835 1390 3895 ἐκεῖνο

824 3939 1120 4016 προςενέγραφε.

317 4052 351 4117 Si
374 4053 489 4117 herum
510 4050 653 4116 locorum
677 4051 916 4116 similitudinem
937 4053 1136 4136 respicimus,
1159 4073 1225 4117 non
1248 4073 1318 4117 eam
1345 4055 1391 4118 ita

209 4155 417 4238 interpretari
432 4173 609 4238 possumus,
625 4159 661 4216 ut
676 4153 805 4217 Cassius
821 4174 839 4217 e
854 4154 1007 4220 Suetonio
1023 4156 1123 4219 verba
1137 4157 1388 4239 transcripserit.

210 4257 293 4321 Num
307 4257 369 4320 Dio
392 4276 457 4320 non
478 4258 575 4340 plane
592 4256 705 4320 eodem
722 4256 835 4319 ordine
857 4276 960 4338 neque
976 4258 1089 4322 eodem
1112 4258 1247 4322 consilio
1268 4265 1388 4322 narrat.

211 4359 276 4425 Sed
297 4377 494 4424 communem
516 4359 638 4421 iontem
661 4359 754 4421 ambo
778 4377 850 4422 esse
872 4358 1022 4424 videntur
1044 4360 1155 4424 secuti.
