3168 4798
804 375 846 439 30

233 581 332 665 igitur
354 602 395 646 ex
416 581 480 646 illis
502 582 647 646 hausisse
662 581 776 646 videri.
814 582 879 648 Sed
894 580 922 644 si
937 586 1010 645 acta
1025 585 1099 644 aute
1116 579 1226 643 oculos
1240 577 1414 658 habuisset,

234 685 353 750 certius
377 691 463 748 essct
484 685 618 748 locutus.
663 686 769 749 Etiam
790 686 852 750 hoc
875 684 952 748 addi
967 682 1194 767 potest„quod
1208 701 1274 744 333
1289 669 1416 764 scmp'er

155 853 159 862 ,
233 788 341 851 verbis
364 787 433 869 ejus
457 788 590 851 credere
612 807 790 870 possumus.
834 787 918 851 Nom
939 788 973 849 in
995 785 1138 860 historiis
1160 785 1202 847 ad
1216 784 1322 848 133133
1338 784 1415 847 3113-

234 891 285 971 sit,
309 908 388 971 quos
411 910 476 954 non
497 891 568 972 ipsc
590 890 680 972 legit.
725 890 817 968 Quod
832 890 974 954 Nissen
997 889 1146 971 exposuit
1169 888 1202 970 (l.
1220 907 1246 950 3.
1263 906 1336 970 pag.
1353 886 1416 950 513

234 991 366 1073 31528)
391 998 423 1056 31
445 993 678 1056 demonstravit
699 992 754 1073 ita,
789 999 825 1056 31
851 993 997 1057 Tacitum
1024 991 1122 1054 fontis
1149 990 1257 1053 verbis
1280 991 1322 1053 ad
1345 1010 1415 1054 auc-

234 1095 322 1158 13133
356 1095 591 1177 pcrtinentibus
625 1115 715 1159 usum
749 1115 831 1176 esse,
869 1095 1049 1159 nominibus
1083 1093 1210 1158 33113313
1244 1092 1415 1158 contende·

234 1202 294 1260 ret.
338 1198 383 1260 At
405 1198 546 1262 occurrit
567 1199 659 1261 nobis
683 1199 792 1281 opinio
814 1198 885 1262 fieri
907 1197 1060 1281 potuisse,
1093 1203 1129 1260 ut
1151 1196 1283 1262 Tacitus
1317 1215 1417 1260 senex

235 1318 327 1364 secus
344 1299 525 1382 judicasset
548 1307 580 1364 ct
602 1301 830 1383 adscripsisset
852 1321 889 1364 ac
911 1301 1051 1382 juvenis.
1097 1299 1218 1362 Contra
1251 1299 1337 1383 quod
1369 1299 1415 1361 13-

235 1406 300 1465 3131
322 1423 386 1466 333
410 1403 511 1466 solum
538 1403 675 1486 spatium
702 1405 770 1467 fere
805 1404 986 1484 quindecim
1020 1422 1183 1482 annorum,
1217 1403 1303 1466 inter
1336 1421 1415 1484 quos

235 1505 367 1568 annales
390 1506 541 1569 historias
565 1506 666 1569 secuti
689 1513 771 1587 sunt,
801 1507 858 1570 sed
881 1507 978 1570 ctiam
999 1506 1088 1586 illud,
1123 1506 1208 1587 quod
1225 1505 1296 1587 jam
1318 1524 1417 1586 supra

234 1607 369 1671 vidimus
386 1609 532 1672 Tacitum
554 1609 587 1672 in
610 1610 777 1673 annalibus
800 1629 925 1690 quoque
949 1627 1050 1691 acque
1074 1609 1115 1671 ad
1135 1609 1256 1672 fontem
1272 1608 1415 1672 alludere

235 1730 273 1774 ac
306 1710 339 1772 in
372 1711 525 1774 historiis.
571 1711 654 1776 Sane
689 1713 787 1776 semel
823 1713 892 1796 (Vl,
917 1712 958 1775 23
982 1718 1014 1774 et
1037 1711 1125 1775 Cass.
1148 1711 1188 1774 D.
1212 1711 1330 1786 LVIII,
1361 1711 1415 1792 13)

195 1832 198 1837 ·
233 1818 357 1876 tantum
377 1813 568 1896 invenimus3
604 1815 661 1878 sed
690 1815 807 1878 suflicit
834 1815 875 1878 ad
903 1815 1092 1878 sententiam
1126 1821 1270 1877 nostram
1304 1808 1416 1879 333113-

234 1914 382 1979 mandam
405 1917 502 1980 etiam
523 1937 603 1980 3333
626 1918 681 1980 1113
703 1918 803 1980 13333.
847 1918 961 1998 Itaque
984 1922 1019 1980 ut
1040 1917 1151 1999 paucis
1179 1917 1287 1980 verbis
1315 1918 1415 2000 cpini·
1457 1958 1459 1962 -

235 2037 329 2082 onem
351 2026 494 2083 nostram
522 2020 780 2103 complectamur,
816 2020 947 2083 Tacitus
980 2039 1046 2083 non
1080 2025 1152 2082 acta
1184 2025 1312 2101 patrum
1344 2021 1415 2102 ipse

235 2119 362 2185 secutus
386 2128 444 2203 est,
469 2123 543 2204 quia
564 2141 668 2204 neque
690 2123 761 2204 ipse
784 2141 888 2203 neque
904 2122 1033 2186 Cassius
1049 2123 1122 2202 Dic,
1146 2123 1200 2204 qui
1223 2123 1359 2186 maxime
1381 2124 1416 2186 iu

234 2224 405 2288 senatoriis
428 2225 523 2288 rebus
547 2245 617 2288 cum
639 2225 696 2288 illc
719 2224 890 2303 consentit,
924 2224 958 2287 in
985 2224 1109 2287 Tiberii
1131 2225 1267 2288 historia
1294 2225 1416 2288 tradita
1461 2259 1462 2262 ¹

234 2332 361 2408 patrum
394 2333 468 2390 acta
489 2328 670 2410 adscripsit.
714 2328 752 2390 In
781 2328 986 2409 sequentibus
1021 2332 1126 2390 autem
1158 2326 1249 2390 libris
1284 2326 1326 2390 ad
1358 2328 1416 2391 illa

235 2429 358 2511 apertis
380 2431 487 2494 verbis
511 2431 688 2494 alluserunt
712 2430 764 2514 (cf.
787 2429 1020 2511 Huebnerum).
1064 2431 1149 2492 Acta
1171 2429 1286 2492 diurna
1308 2435 1416 2494 autem

234 2537 368 2614 uterque
392 2533 573 2617 adscripsit,
598 2534 681 2614 quod
709 2532 793 2596 infra
820 2532 1007 2596 videbimus.
1053 2532 1175 2595 Tamen
1208 2533 1322 2595 mirum
1355 2539 1414 2613 cst,

235 2636 322 2717 quod
345 2635 476 2699 Tacitus
500 2642 532 2698 ct
553 2635 719 2717 permultis
741 2635 821 2699 locis
845 2635 941 2698 simili
973 2635 1068 2698 modo
1092 2633 1221 2698 Cassius
1256 2634 1296 2698 de
1324 2656 1415 2700 sena-

234 2749 340 2802 torum
362 2738 561 2802 oraticnibus
584 2739 786 2819 decretisque
803 2745 952 2802 accurate
976 2744 1009 2800 et
1023 2738 1193 2819 perspicue
1209 2738 1311 2801 locuti,
1331 2745 1413 2803 sunt.

234 2840 403 2922 Conjicere
426 2840 524 2923 igitur
546 2861 712 2923 possumus
735 2842 856 2904 fontem
877 2840 941 2904 illis
964 2857 1162 2904 communem
1184 2846 1311 2922 patrum
1334 2843 1414 2905 actis

235 2963 325 3006 usum
348 2963 428 3006 3333.
473 2944 599 3007 Deinde
615 2944 761 3008 Tacitum
784 2943 840 3006 illo
862 2963 953 3006 usum
975 2943 1027 3006 vel
1043 2949 1192 3006 accurate
1214 2943 1304 3006 illum
1326 2963 1414 3009 secu-

235 3052 301 3109 tum
325 3065 396 3110 esse
420 3047 547 3128 opinari
569 3047 654 3110 licet.
698 3046 836 3109 Dionem
869 3053 974 3109 autem
1004 3065 1069 3108 non
1096 3051 1163 3108 tam
1185 3046 1359 3128 diligenter
1381 3048 1414 3110 in

235 3149 483 3212 transcribendo
507 3155 668 3212 versatum
685 3169 755 3212 3333
771 3149 932 3212 nonnullis
949 3148 1152 3230 gravioribus
1176 3150 1414 3230 praetermissis

236 3251 465 3325 etlevicribus
489 3252 676 3333 quibusdam
700 3252 827 3324 313313
856 3251 913 3314 1113
942 3251 1099 3314 communi
1128 3251 1314 3332 adsumptis.
1364 3254 1415 3317 Ita

213 3372 302 3416 rem
324 3353 423 3417 131333
447 3354 646 3418 crediderim.
691 3353 755 3418 Sed
782 3354 900 3417 certius
922 3354 1011 3435 loqui
1033 3373 1097 3416 non
1120 3353 1205 3417 licet.
1241 3354 1416 3419 Difficilior

235 3461 341 3519 autem
364 3462 415 3519 est
437 3457 592 3538 quaesti0,
616 3463 721 3518 utrum
743 3456 815 3536 1333
837 3456 892 3518 1113
916 3455 1098 3535 communis,
1124 3475 1217 3536 quem
1240 3457 1415 3539 conjeceri-

235 3579 312 3640 mus,
336 3559 423 3622 bella
445 3560 653 3642 descripserit
680 3578 790 3638 necne,
825 3563 929 3621 utrum
957 3558 1038 3628 Dic,
1056 3559 1192 3620 eundem
1225 3559 1415 3640 deseruerit,

235 3661 368 3725 simulac
391 3662 476 3725 bella
492 3662 681 3741 narraverit,
705 3680 816 3724 necne.
854 3659 1099 3723 Trcitzheimius
1122 3661 1168 3723 ita
1184 3660 1333 3743 opinatus
1357 3669 1415 3742 331,

234 3771 270 3828 31
291 3765 354 3828 Dio
378 3765 463 3828 bella
486 3765 672 3827 describere
695 3763 843 3827 nolucrit.
889 3763 973 3827 Sanc
997 3761 1125 3826 Cassius
1163 3783 1228 3826 non
1268 3765 1421 3828 militaris·

235 3869 285 3932 rei
306 3867 426 3950 peritia
449 3866 587 3930 excellit.
632 3865 697 3931 Sed
724 3867 852 3949 saepius
880 3867 986 3930 fontes
1015 3873 1142 3930 secutus
1178 3872 1236 3946 est,
1272 3869 1326 3948 qui
1359 3868 1417 3931 tali

234 3971 352 4033 virtute
375 3969 515 4052 praediti
538 3975 639 4032 crant.
685 3968 776 4045 Quod
798 3969 892 4049 infra,
928 3969 955 4032 si
989 3989 1059 4032 cum
1080 3967 1211 4050 Vellejo
1240 3988 1416 4034 33133313-

212 4064 213 4068 ’
234 4072 463 4155 paraverimus,
478 4071 657 4136 accuratius
670 4091 874 4154 exponemus.
895 4072 1008 4153 Itaque
1022 4072 1050 4134 si
1061 4071 1192 4135 Tacitus
1206 4073 1417 4136 excellentem

234 4174 392 4237 bellorum
414 4173 678 4238 Germanicorum
701 4173 892 4256 scriptorem
915 4180 1042 4237 secutus
1066 4179 1124 4254 est,
1154 4174 1206 4254 qui
1236 4180 1269 4237 ct
1290 4175 1362 4257 ipsc
1384 4177 1417 4238 iu

234 4275 405 4339 narrandis
428 4275 599 4338 senatoriis
621 4276 716 4338 rebus
740 4276 821 4339 actis
843 4281 970 4358 patrum
985 4295 1060 4339 usus
1087 4282 1146 4356 est,
1169 4295 1276 4339 nonne
1299 4278 1417 4360 conjici

235 4384 344 4460 potest
364 4379 502 4441 Dionem
523 4377 569 4440 ita
592 4377 814 4458 egisset‘Sed
835 4398 901 4441 non
916 4378 1138 4460 expeditiones
1161 4379 1194 4441 in
1210 4379 1416 4444 Germaniam
