3148 4802
717 335 870 436 jii-

201 545 344 610 .Iudaeos
366 544 470 608 Roma
493 545 643 626 expulsos
677 563 757 624 esse,
794 543 925 606 Tacitus
958 541 1054 606 Italia
1089 540 1227 606 cessisse
1260 547 1382 605 narrat.

201 647 270 712 Nec
293 647 395 710 minus
418 653 566 710 auctores
587 647 620 710 in
649 647 835 711 narratione
862 645 983 708 servati
1017 642 1097 708 miro
1131 643 1226 708 modo
1260 642 1384 707 Tiberii

203 749 405 814 dissentiunt.
450 748 620 814 Suetonius
652 748 735 812 enim
762 748 922 831 Sejannm,
957 747 1046 830 cujus
1080 744 1198 810 auxilio
1231 745 1382 832 prinecps
1455 746 1460 764 ¹

130 866 133 872 ’
201 858 333 936 praeter
355 870 444 934 spem
468 853 579 931 erasit,
614 871 654 914 ne
687 871 750 913 uno
785 850 913 932 quidem
940 849 1040 912 verbe
1064 848 1233 931 significat,
1266 847 1383 911 nedum

202 960 429 1019 commemoret
452 953 522 1036 (Ill,
540 953 605 1034 39).
650 953 842 1036 Speluncam
864 951 963 1015 fuisse
985 951 1182 1034 praetorium
1204 950 1290 1014 idem
1309 970 1381 1014 eon·

200 1056 315 1121 tendit.
359 1057 389 1119 A
412 1055 527 1120 Tacito
551 1062 656 1119 autem
678 1056 755 1122 villa
777 1055 833 1118 illo
862 1054 990 1117 nemine
1017 1053 1183 1136 appellata
1216 1056 1275 1116 est.
1319 1052 1381 1115 Ita·

202 1179 263 1240 que
286 1178 351 1221 non
373 1159 487 1222 eodem
508 1159 598 1222 fonte
621 1164 770 1222 auctores
792 1164 921 1220 nostros
943 1177 1018 1220 usos
1041 1175 1113 1220 esse
1142 1161 1260 1238 putem.
1307 1155 1381 1238 (Ta-

202 1262 283 1326 citus
306 1261 364 1340 lv,
387 1259 455 1342 59.)

200 1361 316 1444 Halo
330 1361 408 1426 Cum
421 1362 764 1446 CapuacCapitolium,
819 1361 941 1441 1V,57
975 1362 1038 1424 Diu
1066 1361 1219 1424 meditato
1242 1359 1382 1443 prolato-

200 1465 304 1528 Nolae
327 1465 479 1546 templum
500 1465 646 1547 Augusti,
671 1485 765 1546 quam
819 1483 881 1546 que
919 1465 1048 1546 saepius
1085 1463 1220 1527 consilio
1253 1463 1384 1525 tandem

201 1587 329 1632 oausam
366 1566 575 1648 profectionis
618 1573 765 1649 praeten-
818 1566 938 1629 Caesar
964 1567 997 1629 in
1024 1565 1239 1655 Campaniam,
1274 1563 1382 1647 speeie

201 1669 303 1748 derat,
338 1669 529 1748 dedicasset,
565 1668 707 1750 Capreas
731 1687 765 1731 sc
819 1669 989 1732 dedicandi
1004 1667 1124 1750 templa
1139 1667 1223 1749 apud
1241 1665 1383 1748 Capuam

201 1771 345 1848 eontulit,
380 1773 553 1854 praecipue
588 1773 765 1840 delectatus
818 1770 903 1848 lovi,
920 1771 1004 1852 apud
1020 1768 1136 1833 Nolam
1151 1770 1307 1850 Augusto,
1325 1766 1382 1830 sed

200 1873 315 1937 insula.
818 1878 925 1936 certus
947 1872 1060 1955 preeul
1083 1872 1213 1953 degere

309 2010 343 2074 Si
365 2015 488 2072 tantum
514 2009 593 2072 haee
622 2009 721 2072 verba
749 2008 841 2090 legis,
875 2009 968 2072 ambo
1003 2007 1185 2072 consentire
1219 2005 1381 2086 ridentum

203 2112 259 2176 sed
282 2112 310 2174 si
332 2131 400 2174 rem
423 2119 609 2192 persecutus
625 2111 698 2190 eris,
723 2111 818 2174 aliter
834 2110 1006 2192 judicabis.
1034 2110 1117 2173 Nam
1131 2109 1263 2173 Tacitus
1278 2108 1381 2191 primo

201 2217 274 2277 loeo
302 2214 517 2276 calamitatem
538 2203 727 2276 Fidenatem
761 2219 873 2276 narrat
907 2213 977 2296 (IV,
1002 2211 1153 2292 62-63),
1191 2210 1307 2274 deinde
1341 2211 1381 2274 de

203 2316 349 2399 principe
372 2316 501 2379 additur
535 2315 605 2397 (lV,
630 2314 699 2396 ab:
745 2315 898 2397 ,Capreas
932 2335 967 2378 se
999 2314 1032 2378 in
1065 2313 1202 2377 insulam
1236 2313 1381 2377 abdidit!

200 2419 370 2484 Suetonius
404 2423 509 2480 autem
537 2418 607 2499 jam
640 2424 736 2481 antea
759 2417 922 2504 Tiberium
955 2417 989 2480 in
1020 2416 1125 2480 insula
1153 2422 1382 2480 commoratum

199 2539 319 2600 rursus,
344 2521 431 2603 quod
453 2521 589 2602 populus
613 2526 758 2602 ,propter
773 2520 908 2584 eladom‘
927 2518 1016 2583 illam
1030 2520 1236 2602 postulasset,
1259 2523 1290 2586 in
1308 2543 1382 2587 eon·

200 2621 355 2684 tinentem
377 2621 544 2686 transiisse
567 2623 709 2685 tradidit.
754 2621 868 2705 Neque
895 2641 1044 2685 numerus
1078 2622 1265 2688 miserorum
1299 2646 1380 2690 mer·

198 2729 387 2805 tuorumque
409 2724 532 2787 cladem
555 2730 689 2807 propter
712 2725 847 2788 scudem
868 2725 901 2787 in
924 2724 1044 2788 nostris
1066 2724 1151 2788 idem
1167 2733 1225 2790 est.

305 2827 419 2890 Adhuc
441 2827 540 2908 igitur
562 2848 624 2890 non
648 2827 719 2890 fieri
741 2827 855 2909 potuit,
890 2826 967 2909 quin
989 2827 1173 2892 refellamus
1196 2829 1381 2912 opinionem

200 2929 290 3009 quasi
312 2929 433 2991 sontem
456 2949 652 2992 communem
675 2929 846 2994 Suetonius
869 2935 903 2993 et
925 2928 1056 2993 Tacitus
1079 2931 1181 2993 secuti
1204 2931 1276 2995 sint.
1315 2933 1380 2998 Sed

198 3029 311 3112 pigere
334 3050 392 3094 nos
415 3031 587 3094 nonlicet.
632 3031 872 3114 Persequamur
893 3049 972 3114 ergo
995 3033 1278 3114 comparationem.

198 3166 257 3240 ΙΙΙ,
280 3165 322 3229 43
360 3167 522 3229 sellaria
556 3166 761 3250 excogitavit,
814 3166 871 3248 VI,
909 3167 925 3229 1
972 3167 1062 3231 Tunc
1097 3168 1234 3250 primum
1266 3170 1381 3252 ignota

200 3268 309 3332 sedem
331 3289 520 3331 arcanarum
543 3268 709 3332 libidinum
732 3317 761 3332 ..
816 3275 912 3333 antea
933 3270 1090 3333 voeabula
1111 3277 1273 3352 reperta
1306 3278 1380 3335 sunt

198 3376 443 3452 repertores,
469 3390 548 3452 quos
572 3371 763 3453 spintrias
816 3370 1063 3434 sellariorum
1079 3372 1380 3455 etspintriarum

198 3472 393 3554 appellabat.
469 3523 470 3526 η
817 3472 1034 3537 οΧΙοθᾱίΙῑιΙθ
1056 3473 1129 3537 leci.

305 3588 394 3667 Quae
417 3591 510 3673 plura
531 3590 564 3654 in
588 3591 740 3656 Suetonio
763 3591 976 3672 inveniuntur,
1010 3592 1194 3656 adscribere
1222 3595 1376 3660 nolumus.

197 3693 315 3757 Dicere
338 3693 455 3757 sufficit
476 3714 541 3756 non
564 3700 677 3757 eontra
699 3695 836 3757 obscura
858 3694 965 3758 Taciti
991 3696 1091 3758 verba
1117 3694 1206 3759 illum
1238 3698 1377 3781 complu·

197 3796 285 3858 ribus
309 3795 373 3858 suis
397 3795 597 3859 disseruisse.
641 3797 801 3859 auctores
834 3796 933 3878 igitur
967 3797 1027 3860 sibi
1060 3797 1267 3880 respondent.
1312 3798 1378 3865 Sed

197 3899 336 3962 fortasse
359 3898 524 3961 libidinum
546 3898 675 3980 turpido
698 3899 744 3960 ita
766 3904 857 3961 caret
878 3898 995 3979 verbis,
1024 3898 1138 3982 quibus
1169 3900 1375 3982 exprimatur,

197 4007 233 4064 ut
253 4000 286 4063 in
310 4001 422 4064 eadem
444 4000 512 4062 sere
535 4019 645 4063 omnes
668 4000 810 4064 incidere
833 4018 965 4065 necesse
995 4001 1046 4064 sit.
1090 4001 1189 4066 Ferte
1218 4003 1275 4065 tuli
1302 4022 1375 4067 een·

198 4121 310 4166 sensus
331 4102 387 4165 ille
411 4102 494 4166 effici
516 4101 630 4184 potuit.

304 4221 401 4284 Haud
423 4227 488 4284 tam
510 4221 604 4284 facile
627 4240 823 4285 communem
850 4222 971 4286 sontem
998 4223 1097 4288 fuisse
1130 4242 1251 4305 negare
1284 4230 1374 4306 pote·

197 4321 306 4403 rimus,
331 4323 359 4386 si
380 4329 552 4404 sequentes
575 4323 664 4386 locos
688 4325 988 4405 comparaverimus.
