3148 4802
748 351 791 416 54

693 441 846 450 —-—--—.

182 558 252 619 est?
295 555 480 620 Veterrima
502 564 575 640 post
591 558 751 641 Vellejum
774 565 823 622 est
839 558 982 623 Suetonii
1004 557 1094 640 prior
1117 577 1201 638 pars.
1238 555 1303 620 Sed
1324 554 1357 616 in

182 680 221 722 ea
243 664 355 722 auctor
377 680 480 740 neque
504 661 652 724 adulatur
688 681 791 742 neque
826 662 1032 726 conviciatur.
1076 659 1229 722 Fortasse
1253 664 1358 720 autem
1421 693 1425 697 ,

181 763 312 825 Tacitus
347 768 379 825 et
402 762 530 826 Cassius
565 764 662 826 talem
695 765 815 828 fontem
848 765 948 828 secuti
983 771 1060 826 ssnt.
1106 761 1207 838 Quam
1233 781 1302 822 rem
1323 767 1359 822 ut

182 865 360 929 accuratius
378 884 538 948 exponere
554 867 721 948 possimus,
740 867 833 929 altius
849 873 998 948 repetere
1015 867 1124 928 liceat!
1148 863 1357 946 Reipublicae

182 968 265 1030 euim
288 973 404 1031 statum
426 968 546 1050 respici
569 953 705 1050 opertet.
736 970 902 1032 Prioribus
926 969 1122 1050 temporibus
1139 973 1213 1049 post
1228 966 1358 1029 Cartha-

181 1071 287 1152 ginem
310 1070 559 1154 Corinthumque
582 1072 705 1135 deletas
728 1071 865 1136 Romani
888 1080 942 1134 aut
964 1071 1157 1136 senatoriam
1180 1078 1235 1133 aut
1261 1070 1358 1133 Grac-

182 1174 316 1237 chanam
331 1180 457 1256 partem
473 1174 572 1238 secuti
590 1181 671 1254 sunt,
697 1177 798 1239 donec
814 1175 853 1238 G.
869 1175 973 1238 Julius
990 1174 1110 1238 Caesar
1132 1193 1196 1235 non
1220 1173 1288 1235 sine
1303 1192 1358 1254 po·

182 1276 341 1358 pularium
364 1277 481 1339 auxilio
506 1277 692 1359 optimatum
716 1278 938 1341 auctoritatem
960 1277 1100 1340 funditus
1125 1275 1250 1338 evertit.
1295 1275 1359 1339 Sed

182 1379 337 1443 factiones
359 1380 435 1442 illae
458 1399 559 1462 usquo
583 1381 623 1442 ad
639 1381 805 1443 Actiacam
831 1381 999 1444 victoriam
1021 1381 1203 1459 floruerunt,
1227 1377 1359 1441 nominl-

181 1483 239 1544 bus
267 1487 389 1544 tautum
424 1483 633 1544 commutatis.
690 1483 851 1548 Senatorii
884 1482 1130 1565 appellabantur
1162 1481 1359 1564 reipublicae

182 1583 304 1646 liberae
329 1585 525 1647 defensores.
570 1585 749 1668 Populares
773 1592 878 1648 autem
900 1586 1028 1668 plurimi
1044 1586 1134 1648 unius
1151 1585 1360 1648 dominationi

182 1687 409 1749 adhaerebant.
477 1687 564 1762 Quae
610 1689 791 1751 contrariae
828 1694 938 1770 partes
980 1675 1153 1770 perierunt,
1192 1694 1359 1770 postquam
1396 1737 1402 1746 .

129 1871 135 1881 .
166 1792 327 1870 ‘Augusto
344 1796 468 1865 mortuo
484 1809 577 1852 neme
595 1791 760 1854 eonsilium
775 1792 1006 1854 restaurandae
1023 1791 1206 1854 senatoriae
1226 1791 1359 1854 auetori-

181 1893 257 1954 tatis
281 1892 362 1955 inire
396 1899 528 1955 conatus
563 1900 620 1957 cst.
665 1894 878 1976 Imperatoria
911 1895 1021 1956 domus
1054 1894 1126 1975 ipsa
1147 1893 1360 1976 principatum

181 1995 227 2057 ita
250 1995 468 2058 confirmatum
492 2015 562 2058 esse
593 1997 735 2078 putabat,
760 2002 794 2058 ut
820 1997 1000 2077 disceptare
1022 1997 1136 2060 liceret
1156 1997 1241 2059 inter
1255 1995 1359 2058 Julios

183 2103 215 2160 ct
242 2096 392 2159 Claudios
426 2098 467 2159 ad
500 2098 591 2161 unius
631 2099 735 2180 gentis
774 2099 933 2162 vinculum
963 2100 1002 2160 ab
1030 2101 1175 2180 Augusto
1198 2098 1358 2161 redactos.

180 2200 339 2263 Juliorum
362 2201 424 2262 dux
452 2206 485 2262 et
508 2199 663 2281 signifera
691 2207 761 2264 crat
782 2201 972 2282 Agrippina,
1002 2220 1083 2281 quae
1098 2201 1245 2263 maritum
1261 2221 1359 2278 suum,

179 2289 404 2378 Germanicum
430 2301 610 2382 Claudiump
628 2303 723 2385 plane
746 2304 981 2366 moderabatur.
1031 2303 1190 2366 luliorum
1212 2323 1283 2367 esse
1306 2303 1360 2365 im*

182 2404 304 2485 perium
337 2404 384 2466 illi
421 2405 558 2467 sentinae
595 2425 783 2487 persuasum
816 2412 895 2468 erat.
952 2407 1016 2470 Sed
1053 2397 1197 2488 Augusto
1235 2413 1359 2469 mortuo

181 2507 330 2570 Tiberius
358 2507 507 2570 Claudius
530 2507 618 2570 Nero
652 2509 820 2590 imperium
854 2508 988 2590 accepit.
1044 2507 1136 2584 Quod
1168 2516 1203 2570 ut
1233 2508 1360 2571 irritum

181 2610 282 2688 ficret,
306 2611 488 2692 Agrippina
515 2611 600 2695 omni
635 2611 728 2674 modo
758 2611 886 2674 studuit.
942 2611 1109 2674 Exercitus
1144 2617 1176 2674 et
1208 2612 1359 2694 populum

183 2712 246 2774 sibi
276 2714 447 2792 conciliare
476 2720 592 2777 conata
630 2721 688 2777 est.
739 2714 886 2776 Tiberius
921 2721 1026 2776 autem
1058 2715 1204 2796 potentia
1238 2735 1295 2777 sua
1328 2721 1360 2776 et

183 2815 368 2878 Germanici
402 2816 598 2883 sinceritate
622 2837 695 2879 usus
728 2817 816 2878 illam
849 2817 1022 2899 superavit.
1071 2817 1155 2880 Sane
1189 2822 1263 2898 post
1290 2817 1358 2898 ejus

181 2918 532 3000 mortem-Agrippinae
555 2919 637 2982 lilius
661 2919 702 2982 ad
717 2919 932 3002 principatum
946 2927 1117 3002 prouectus
1141 2926 1198 2982 est.
1240 2920 1359 2982 duliam

181 3026 309 3102 gentem
332 3041 391 3103 pre
414 3021 614 3084 nobilissima
636 3023 754 3101 habuit,
784 3043 879 3104 quam
902 3023 942 3084 cb
965 3042 1033 3085 rom
1054 3023 1193 3084 libenter
1223 3023 1357 3104 ,praedi-

182 3125 277 3185 cabat
298 3130 432 3187 matrem
455 3123 545 3208 suam
568 3143 607 3186 ex
629 3125 761 3204 incesto,
796 3125 881 3205 quod
903 3126 1065 3206 Augustus
1089 3145 1159 3187 cum
1184 3125 1272 3187 Julia
1293 3125 1359 3186 lilia

181 3225 370 3305 admisisset,
405 3229 617 3308 procreatam‘
648 3227 747 3309 (Suet.
775 3227 832 3306 IV,
862 3225 917 3306 23)
946 3226 1069 3289 Tiberii
1107 3232 1180 3288 acta
1206 3226 1358 3289 nonnulla

180 3328 300 3390 resolvi
316 3328 423 3409 jussit.
461 3329 522 3392 'illo
545 3335 690 3410 tompore
705 3329 837 3408 Seneca,
857 3329 1044 3411 philosophi
1066 3321 1168 3410 pater,
1192 3329 1359 3392 historiam

148 3439 152 3450 '
182 3431 297 3494 aetatis
321 3451 396 3494 suae
421 3432 600 3513 descripsit.
645 3432 686 3494 m
708 3431 869 3512 conjicere
892 3431 969 3494 licet
992 3431 1182 3509 ‚recentibus
1211 3431 1302 3494 odiis‘
1325 3431 1359 3492 in
1442 3441 1445 3447 “

181 3533 345 3595 Tiberium
368 3535 408 3596 ab
431 3534 487 3595 illo
504 3553 583 3615 opus
599 3528 808 3615 'compositum
829 3553 908 3612 esse,
933 3539 969 3595 ut
983 3532 1066 3613 Gajo
1082 3535 1227 3614 placeret
1242 3531 1286 3616 (S.
1299 3534 1357 3611 ΙΙΙ,

181 3635 246 3714 73).
291 3635 383 3712 Quod
406 3637 560 3717 probatur
583 3657 602 3699 a
624 3636 852 3699 Lehmanuo.
900 3634 961 3718 (De
986 3635 1118 3699 Claudio
1158 3643 1190 3698 et
1216 3635 1358 3698 Nerone·

124 3777 129 3784 ·
182 3737 307 3801 Gotliao
331 3737 583 3801 Moccouvru
607 3759 679 3820 pag.
705 3736 790 3818 155.)
1459 3733 1466 3744 ’

287 3841 412 3904 Deinde
436 3840 582 3922 Caligula
604 3841 774 3904 interfecto
808 3839 958 3902 Claudius
993 3840 1143 3922 princeps
1172 3840 1274 3904 sactus
1299 3848 1356 3919 est,

181 3943 363 4028 Germanici
385 3943 494 4023 irater,
519 3963 536 4005 e
560 3951 656 4027 gente
672 3943 806 4006 Claudia
827 3948 929 4005 natus.
975 3942 1090 4005 Paucis
1115 3943 1242 4024 quidem
1265 3943 1357 4004 armis

181 4053 255 4126 post
277 4046 470 4134 Messalinae
494 4045 615 4107 obitum
636 4046 706 4128 ipse
723 4032 926 4108 Claudiorum
951 4044 1214 4126 exstirpationem
1236 4045 1357 4107 aeecle-

180 4149 265 4210 rarit
286 4147 467 4229 Agrippina
484 4147 614 4228 juniore
630 4149 663 4210 in
679 4146 912 4210 matrimonium
935 4148 1039 4210 ducta.
1069 4147 1120 4208 Ab
1140 4146 1196 4208 illo
1212 4152 1356 4228 tempere

179 4248 337 4310 luliarum
360 4249 520 4311 sententia
543 4249 582 4311 de
606 4250 738 4312 Tiberio
760 4247 846 4310 vicit.
882 4249 933 4310 nb
955 4249 1027 4329 ipsa
1048 4249 1113 4328 illa,
1139 4269 1200 4330 qua
1221 4250 1358 4311 maxima

180 4350 337 4430 regnandi
354 4349 528 4430 cupiditate
540 4350 706 4432 flagrabat,
724 4349 893 4430 compositi
909 4357 982 4413 sunt
997 4341 1258 4429 commentarioli,
1276 4371 1356 4432 quos
