3148 4802
675 373 830 477 ga—

261 583 336 647 Hoc
371 601 497 664 queque
531 581 604 646 lece
641 583 891 647 Weidemannus
925 584 1108 665 oppositam
1146 587 1339 650 sententiam

102 715 104 722 ·
157 692 283 750 secutus
308 692 367 748 est.
416 684 564 748 Revocat
592 685 677 748 enim
711 687 849 748 animum
882 686 1014 749 lectoris
1048 687 1089 749 ad
1121 689 1230 769 verba,
1260 709 1342 772 quae

156 795 331 869 sequuntur
353 788 573 852 narrationem
603 807 623 851 a
644 807 695 852 me
718 789 924 871 adscriptam,
958 789 1012 850 uhi
1046 789 1086 851 de
1110 791 1214 854 causis
1237 791 1343 873 agitur

156 892 269 972 quibus
304 897 480 954 commotus
514 891 623 953 Nerva
656 891 825 954 consilium
857 891 1015 953 moriendi
1047 892 1165 956 inierit.
1211 893 1343 957 Tacitus

156 995 240 1056 enim
263 995 369 1074 „mala
390 993 440 1056 rei
461 993 610 1075 publicae
637 993 763 1072 fecisse,
798 1000 833 1056 ut
854 993 965 1056 Nerva
994 1001 1128 1057 mortem
1161 1002 1342 1078 oppeteret,

154 1096 395 1160 nobistradidit.
441 1096 503 1159 Dio
528 1102 635 1158 autem
658 1102 782 1159 eertum
811 1095 929 1158 malum
955 1097 1108 1176 nominat,
1136 1098 1344 1179 pecuniarum

155 1199 381 1262 calamitatem.
426 1197 556 1261 Cassius
583 1198 682 1280 igitur
704 1198 920 1280 compluribus
944 1199 1051 1262 verbis
1078 1199 1227 1280 loquitur.
1279 1201 1344 1266 Sed

97 1375 104 1388 ι
154 1322 210 1365 cur
234 1323 275 1366 ex
297 1303 357 1364 hae
380 1321 416 1364 re
440 1301 695 1392 concludendum
717 1309 775 1384 est,
799 1301 937 1365 diversis
964 1302 1105 1365 fontibus
1136 1303 1282 1366 Tacitum
1311 1310 1344 1368 ct

154 1406 294 1468 Dionem
316 1424 391 1468 usos
415 1407 510 1469 csse‘?
553 1405 680 1467 Instant
696 1411 809 1468 contra
823 1425 918 1468 unam
934 1405 1234 1486 dissimilitudinem,
1259 1425 1342 1488 quae

154 1509 291 1588 videtur,
315 1508 424 1590 plures
448 1508 568 1571 similes
592 1509 654 1572 loci
677 1508 711 1570 in
733 1508 919 1570 narratione
941 1508 1022 1589 ipsa.

154 1612 210 1690 VI,
235 1610 540 1693 26Agrippinae
582 1610 722 1694 permi-
775 1609 893 1690 LVIII,
917 1610 959 1673 22
992 1611 1036 1694 τῇ
1063 1608 1087 1672 d'
1118 1599 1184 1673 cdv
1207 1605 1342 1694 Ἀγριπ-

154 1714 246 1776 ties.
264 1762 297 1776 ..
335 1714 563 1778 Plancinam
586 1713 721 1776 traxit.
775 1716 865 1796 πίνῃ
888 1713 944 1774 καί
965 1706 1204 1795 ἥΠίαγκῑνα
1219 1709 1238 1798 ἦ
1254 1717 1343 1777 Μου·

776 1819 873 1876 νατιά
896 1811 1110 1896 ἐπεσφάγη.

262 1918 460 2000 Quamquam
493 1919 545 1982 hic
578 1919 667 1982 locus
690 1918 897 1980 brevissimus
932 1922 990 1996 est,
1026 1923 1133 1979 tamen
1164 1917 1343 1982 clarissime

154 2023 364 2102 demonstrat,
390 2028 547 2103 quatenus
572 2039 747 2084 consensus
772 2020 867 2082 ¹inter
891 2019 1039 2083 Tacitum
1067 2025 1101 2082 et
1131 2018 1275 2083 Cassium
1303 2040 1344 2084 ex

153 2126 245 2187 fonte
269 2125 426 2188 communi
450 2124 622 2206 pertineat.

153 2228 209 2308 Vl,
245 2227 286 2290 31
324 2227 478 2290 nobiles
511 2226 652 2289 Parthi
688 2221 894 2307 iulLVIII,
928 2223 969 2286 26
1007 2219 1025 2286 ὁ
1058 2220 1290 2308 Ἀρτάβανος
1325 2219 1343 2285 ὖ

153 2332 286 2393 urbem
325 2349 444 2392 venere
487 2330 602 2412 ignaro
643 2347 722 2410 rege
775 2324 1344 2411 Πάρθοςτελευτήσαντοςτοῦ

154 2434 364 2497 Artabane.
395 2433 501 2495 Is
526 2437 724 2495 senectutem
773 2426 953 2514 Ἀρτάξου
980 2427 1040 2513 τὴν
1058 2425 1255 2513 Ἀρμενίαν
1273 2424 1343 2514 Ἀρ-

155 2536 279 2601 Tibcrii
302 2541 336 2599 ut
357 2536 513 2598 inermem
541 2533 722 2616 despiciens
777 2529 874 2617 ednp
897 2533 948 2612 τῷ
968 2531 1111 2595 ἑαυτοῦ
1126 2529 1343 2606 υἱεῖέδωκε,

155 2639 332 2720 avidusque
360 2638 545 2716 Armeniae,
580 2637 630 2700 cui
664 2635 722 2699 de·
778 2636 834 2697 καὶ
859 2631 969 2718 ἐπειδὴ
991 2634 1132 2717 μηδεμία
1165 2634 1219 2696 ἐπί
1245 2633 1344 2722 τοῦτο

154 2742 292 2806 functo
315 2762 411 2825 rege
432 2740 723 2804 Artaxiahrsa-
779 2740 920 2821 τιμωρία
943 2734 1034 2821 παρὰ
1056 2738 1114 2801 τοῦ
1140 2739 1289 2822 Τιβερίου
1316 2737 1344 2798 ἐ-

156 2865 239 2926 cen,
268 2846 482 2908 liberorum
515 2863 644 2906 suerum
671 2860 723 2903 ve·
776 2846 896 2922 γένετο,
942 2841 996 2923 τῆς
1038 2863 1074 2902 τε
1109 2839 1345 2916 Καππαδοκίας

77 2963 79 2969 ⁴
156 2949 330 3028 terrimum,
366 2946 554 3030 imposuit
586 2990 721 3008 .....
777 2943 954 3026 ἐπείρα...
997 2943 1053 3004 καί
1098 2937 1344 3017 ἀποστάντες

154 3052 367 3130 Phraaten,
401 3048 509 3132 regis
537 3046 722 3110 Phraatis
777 3033 844 3108 οὗν
869 3065 970 3118 τινες
1004 3040 1105 3108 αὐτοῦ
1139 3042 1344 3131 ἐπρεσβεύ-

155 3151 632 3235 filium,Romap0scebant
638 3194 723 3214 ......
777 3166 897 3210 σαντο
930 3143 1023 3231 πρὸς
1050 3144 1118 3210 τὸν
1148 3151 1343 3231 Τιβέριον,

156 3255 197 3319 32
221 3257 325 3321 Ornat
354 3252 531 3338 (Tiberius)
559 3252 724 3315 Phraaten
775 3247 943 3332 βασιλέα
971 3253 1108 3331 σφίσιν
1130 3251 1170 3312 ἐκ
1191 3251 1255 3313 τῶν
1270 3246 1344 3333 ὁμη-

243 3359 286 3422 Et
306 3358 465 3422 Phraates
493 3362 571 3437 aput
599 3354 723 3436 Syriam
776 3351 934 3438 ρευόντων
962 3351 1172 3427 αἰτοῦντες
1205 3355 1261 3416 καί
1290 3348 1344 3417 ecd-

157 3509 164 3524 .
199 3509 207 3525 .
244 3510 251 3524 .
289 3461 404 3544 patriis
441 3459 583 3522 moribus
620 3458 724 3540 impar
775 3462 842 3530 τοῖς
868 3453 943 3519 τότε
972 3461 1042 3538 μὲν
1065 3454 1252 3541 Φραάτην
1279 3453 1346 3518 τὸν

155 3564 291 3627 morbo
314 3564 541 3644 adsumptus
565 3566 616 3624 est
636 3609 643 3623 .
775 3558 843 3622 τοῦ
872 3556 1058 3642 Φραάτου
1090 3556 1344 3644 τελευτήσαν-

156 3667 388 3747 Tiridatem,
405 3663 609 3748 sanguinis
626 3661 723 3744 ejus·
775 3685 838 3736 τος
861 3661 901 3724 δέ
927 3663 1051 3726 ἐκείνου
1073 3660 1158 3726 κατὰ
1180 3657 1346 3748 τὴνῦδὸν

156 3771 237 3834 dem
264 3817 334 3835 .....
357 3765 724 3851 reciperandaeque
779 3762 995 3850 Τιριδάτην
1028 3766 1069 3827 ἐκ
1096 3765 1165 3829 τοῦ
1191 3763 1345 3849 flacita-

154 3873 362 3937 Armeniae
377 3871 563 3936 Hiberum
577 3867 724 3932 Mithri·
777 3867 845 3931 κοῦ
875 3869 931 3930 καὶ
958 3863 1059 3933 αὐτὸν
1090 3874 1222 3950 γένους
1255 3861 1345 3943 ὄντα,

155 3976 276 4040 daten
298 3974 439 4057 deligit
462 4019 544 4037 ....
567 3971 609 4036 33
632 3969 725 4034 simul
777 3969 966 4058 ἔπεμψε...
982 3968 1345 4058 ἔγραψεΜιθριδά-

154 4078 273 4142 Hiberi
284 4078 409 4160 magnis
425 4075 527 4159 copiis
539 4073 725 4140 Armeniam
776 4097 819 4162 τῃ
849 4077 899 4159 τῷ
914 4070 1044 4160 ”Idaea
1071 4075 1106 4149 ἐς
1133 4073 1202 4160 τὴν
1219 4070 1345 4160 Ἀρμε-

156 4181 349 4263 irrumpunt.
777 4182 865 4243 νίαν
887 4176 1067 4262 ἐςβαλεῖν
1081 4223 1089 4239 .
1102 4223 1111 4239 .
1125 4223 1134 4239 .
1157 4173 1345 4264 ὁἈρτάβα-

778 4305 831 4358 νος
852 4280 988 4358 Σκύθας
1009 4279 1199 4368 προςλαβάν
1290 4277 1345 4346 αὖ·

777 4383 836 4450 τὸν
858 4383 1007 4470 ἐξήλασε.
