3168 4798
707 345 861 448 A
872 412 875 418 ,

192 555 297 640 fectae
319 554 436 619 fierent
449 554 572 636 irritae,
596 561 712 638 postea
726 555 967 619 emendationes
989 553 1063 616 illas
1080 572 1178 635 supra
1192 550 1373 635 adscriptas

192 657 325 722 addidit.
363 656 620 721 Manifestiorem
640 657 751 740 prioro
766 663 893 741 partem
908 656 1080 720 secundam
1103 675 1175 718 esse
1198 655 1269 739 ipse
1283 660 1373 738 putu-

190 760 247 823 bat
268 779 443 842 omnesque
466 765 502 822 ut
522 759 570 822 ita
592 767 772 841 censerent,
796 760 867 823 fore
890 759 1052 841 sperabat.
1113 756 1216 834 Quam
1238 757 1281 821 ob
1303 777 1374 821 rem

190 863 318 945 priores
341 861 431 927 locos
453 860 527 926 illos
550 868 660 926 ternos
683 882 749 927 non
771 861 900 942 delevit,
924 860 981 925 sed
1004 860 1143 943 scriptos
1159 877 1289 924 manere
1311 864 1374 923 sta-
1477 897 1480 902 ·

188 965 259 1028 tuit.
304 964 369 1029 Sed
391 964 560 1028 redeamus
584 965 626 1028 ad
646 965 863 1048 propositum!
908 962 1078 1028 Suetonius
1094 968 1128 1027 et
1142 961 1274 1026 Tacitus
1296 981 1373 1026 non·

188 1067 284 1130 nuliis
306 1067 386 1131 locis
410 1067 546 1131 eundem
568 1066 689 1140 fontem
711 1067 861 1130 videntur
891 1084 962 1130 esse
991 1064 1102 1130 secuti.
1152 1063 1217 1129 Ubi
1243 1063 1373 1128 Cassius

148 1245 149 1248 Ἴ
188 1169 250 1232 Dio
273 1169 388 1233 tertius
412 1169 514 1248 adest,
539 1169 592 1251 qui
615 1169 785 1250 consentit,
810 1169 853 1232 ad
874 1166 1034 1232 Aufidium
1057 1168 1192 1232 Bassum
1219 1166 1279 1232 hos
1301 1186 1373 1252 per·

188 1291 311 1354 paucos
335 1271 424 1336 locos
447 1291 602 1335 revocare
625 1271 731 1336 velim.
780 1272 883 1335 Multo
908 1269 1072 1334 difficilius
1105 1269 1223 1353 conjici
1254 1275 1372 1353 potest,

187 1374 271 1437 unde
304 1373 475 1439 Suetonius
509 1393 579 1437 cum
612 1373 727 1438 Tacito
761 1375 830 1437 solo
864 1372 1079 1453 consentiens,
1113 1380 1149 1437 ut
1179 1373 1227 1436 ita
1258 1372 1372 1454 dicam,

187 1475 339 1540 hauserit.
383 1475 546 1540 Nonnulla
566 1475 706 1540 fortasse
729 1496 769 1540 ex
791 1475 872 1540 actis
888 1475 1025 1559 publicis
1040 1481 1167 1558 sumpta
1182 1479 1265 1556 sunt,
1289 1494 1372 1559 quae

186 1578 227 1654 ab
249 1583 386 1660 utroque
418 1579 653 1643 adscribuntur.
702 1579 767 1645 Sed
799 1578 846 1642 ita
878 1577 1006 1662 opinari
1039 1597 1104 1642 non
1137 1577 1263 1658 sufficit,
1298 1577 1374 1660 quio

181 1679 306 1762 jamin
328 1680 432 1762 prima
454 1681 599 1747 Suetonii
630 1688 722 1765 parte
751 1682 822 1764 (ΙΙΙ,
846 1680 880 1762 5)
908 1681 1023 1745 diurna
1051 1679 1212 1762 scriptura
1237 1698 1372 1744 comme·

188 1789 341 1846 moratur.
387 1782 451 1848 Sed
474 1803 545 1848 cum
567 1803 732 1868 perpauca
753 1790 877 1847 tantum
898 1783 1020 1847 tradita
1043 1783 1116 1864 sint,
1141 1780 1260 1846 certius
1283 1780 1373 1864 loqui

186 1905 249 1949 non
277 1885 364 1949 licet.
415 1885 591 1968 Postquam
619 1892 726 1950 autem
752 1886 890 1952 Dionem
922 1905 993 1950 cum
1021 1883 1175 1951 Suetnnio
1208 1903 1372 1968 compara·

187 1988 339 2068 venimus,
363 2007 473 2051 rursus
507 1989 549 2052 ad
582 1989 665 2054 hanc
698 2008 767 2051 rem
799 1988 908 2052 redire
936 2007 1070 2070 eamque
1093 2005 1256 2070 exponere
1278 2007 1372 2052 cona-

183 2093 299 2156 bimur.
