3148 4802
783 379 877 444 18·

317 583 449 646 Tacitus
473 584 573 667 magis
597 594 747 649 accurate
769 604 838 648 rem
854 584 1011 668 exposuit.
1057 583 1126 664 „Ne
1149 583 1310 647 minimum
1325 584 1394 666 qui·

209 687 281 748 dein
304 693 418 749 eontra
440 676 722 751 eonsuetudinem“
751 688 837 768 fecit,
876 686 953 770 quia
985 693 1115 750 senatus
1142 687 1321 769 prohibitus
1350 688 1394 749 ab

210 809 248 850 co
272 797 322 851 est
345 790 510 869 quominus
527 789 688 871 justitium
711 791 874 854 existeret.
920 789 1001 852 Nam
1035 789 1063 851 si
1096 789 1248 872 princeps
1271 788 1395 853 curiam
1491 821 1496 830 ·

207 892 373 974 ingressus
397 900 447 955 est
469 892 534 955 fflio
557 892 685 972 amisse,
710 911 748 955 eo
771 893 873 974 magis
897 899 1064 955 senatores
1088 892 1195 956 decuit
1217 892 1341 954 adesse.

124 1097 127 1104 Ι
207 1013 265 1091 lv,
292 1013 331 1074 12
357 1011 544 1076 laudante
567 1011 692 1075 filium
714 1031 774 1094 pro
826 1011 929 1085 LVII,
953 1010 995 1074 22
1021 1007 1079 1074 τὸν
1100 1007 1299 1094 προςήκονια
1327 1012 1394 1072 ἐπὶ

208 1113 487 1177 1·ostrisTiberi0.
825 1114 877 1195 τῷ
910 1112 1023 1176 παιδὶ
1060 1110 1223 1175 ἔπαινον
1258 1110 1394 1196 ποιησά·

825 1239 929 1298 μενος.

315 1389 360 1449 At
382 1387 505 1449 occurit
527 1386 619 1449 nobis
648 1377 931 1468 01›i11io.Cassium
964 1387 1136 1450 dissentire
1171 1386 1231 1450 hoe
1265 1386 1336 1450 loco
1373 1406 1393 1449 a

208 1489 332 1553 Tacito.
376 1488 459 1552 Nom
481 1489 618 1552 Dionem
640 1489 759 1552 dixisse
782 1495 891 1552 autea:
937 1486 1069 1578 ἐσῆλθε
1092 1489 1124 1562 ἐς
1160 1486 1197 1552 τὸ
1226 1487 1395 1571 συνέδριον

207 1611 268 1655 nec
290 1591 454 1655 addidisse
482 1591 657 1654 aTiberio
691 1599 916 1655 commutatum
950 1611 1021 1654 esse
1055 1591 1168 1655 locum.
1215 1590 1280 1655 Sed
1313 1591 1393 1654 talia

208 1695 305 1776 adjici
329 1714 393 1757 non
415 1694 597 1776 oportebat,
622 1694 697 1774 quin
720 1694 842 1776 apertis
866 1694 973 1757 verbis
996 1691 1053 1756 τὸν
1074 1691 1274 1776 προςήκονια
1302 1691 1392 1754 ἔπαι-

207 1819 263 1859 νον
286 1796 470 1859 nominavit.
516 1794 578 1872 Qui
599 1795 815 1858 Rouranorum
838 1815 944 1859 mores
959 1795 1271 1876 consuetudinesque
1291 1796 1391 1870 novit,

208 1899 364 1962 concedet
387 1898 444 1961 tali
467 1899 567 1961 verbo
590 1904 712 1960 tanturn
736 1897 952 1962 laudationem
985 1918 1045 1981 pro
1074 1897 1189 1960 rostris
1218 1897 1394 1980 significari

207 2020 313 2085 posse.
359 2001 408 2063 De
431 2000 594 2063 contrario
611 1999 724 2064 Diouis
747 2000 846 2082 igitur
868 2000 932 2063 dici
955 2020 1019 2064 non
1042 2007 1158 2082 potest.
1203 1999 1239 2066 Si
1265 1999 1394 2081 quidem

209 2098 331 2167 atride
355 2102 542 2182 addidisset,
566 2102 661 2165 aliter
683 2121 736 2164 res
752 2101 945 2185 exponenda
960 2106 1056 2166 esset.
1101 2100 1166 2167 Sed
1187 2121 1253 2164 non
1271 2095 1393 2166 αὐτόθι

210 2205 341 2287 adjecit.
1037 2275 1039 2280 ,

207 2343 265 2426 IV,
284 2343 323 2404 14
345 2342 445 2405 multa
460 2342 500 2405 ab
514 2341 777 2405 histrionibus
829 2341 930 2422 LVII,
954 2339 994 2404 21
1029 2337 1103 2415 τοὺς
1135 2339 1171 2402 δὲ
1204 2336 1396 2425 ὀρχηστὰς

207 2445 241 2507 in
256 2443 640 2526 publicumseditiote‚
661 2444 778 2508 foeda
828 2444 883 2528 τῆς
908 2465 945 2506 τε
964 2437 1106 2526 Ῥώμης
1139 2441 1305 2528 ἐξήλασε
1339 2444 1395 2505 καὶ

207 2566 277 2630 per
299 2546 658 2628 domestemptari,
683 2590 776 2610 .....
828 2543 1002 2629 μηδαμόθι
1037 2546 1077 2631 τῇ
1112 2553 1206 2632 ιε’χνγγ
1249 2547 1396 2630 χρῆσθαι

207 2647 310 2731 pulsi
332 2654 400 2712 tum
414 2647 631 2712 histriones
646 2648 777 2712 Italia.
828 2650 1037 2733 προσέταξεν,
1060 2643 1118 2712 du
1132 2646 1199 2724 τάς
1214 2671 1255 2712 τε
1268 2654 1395 2730 γυναϊ·

829 2773 897 2824 κας
929 2745 1097 2837 ᾔσχυναν
1132 2752 1188 2814 καὶ
1232 2749 1397 2825 στάσεις

748 2882 751 2888 ·
828 2875 993 2937 ηγειραν.

320 2989 453 3053 Tacitus
475 2987 568 3052 nobis
591 2989 726 3053 tradidit
746 2991 922 3072 regionem,
947 2999 1041 3072 quadr
1063 2990 1185 3053 intrare
1202 2989 1396 3052 historiones

108 3169 110 3172 Ι
211 3092 306 3155 vetiti
334 3097 417 3169 sunt,
446 3092 627 3155 accuratius
661 3111 756 3173 qnam
787 3092 860 3171 Dio,
895 3091 985 3174 cujus
1010 3086 1116 3175 Ῥώμη
1143 3092 1199 3154 καὶ
1225 3089 1397 3174 μηδαμόθι

211 3192 444 3276 perspicuitate
473 3200 572 3259 earet.
623 3194 688 3259 Sed
726 3195 760 3258 in
793 3196 858 3259 alia
889 3215 926 3259 re
960 3193 1092 3259 Tacitus
1126 3193 1227 3277 magis
1261 3194 1398 3258 obseura

209 3302 340 3369 locutus
364 3300 422 3375 est,
446 3295 586 3360 fortasse
608 3296 732 3378 pudore
755 3303 931 3361 commotus
947 3295 1094 3378 quodam.
1140 3295 1269 3359 Cassius
1292 3301 1399 3359 autem

222 3397 356 3460 eandem
379 3417 447 3459 reru
469 3397 587 3461 clarius
610 3399 768 3480 exposuit.

206 3551 265 3629 Ν,
292 3550 331 3614 15
450 3550 543 3631 adeo,
576 3557 612 3614 ut
643 3571 775 3633 procu·
804 3551 989 3637 tLV11‚23
1011 3547 1078 3615 τὸν
1097 3555 1308 3614 Καπίτωνα
1331 3544 1401 3613 τὸν

207 3661 316 3715 rator
338 3652 462 3715 Asiae
477 3652 619 3716 Lucilius
635 3653 775 3736 Capito
827 3648 1033 3739 τὴνἌσίαν
1051 3649 1395 3738 ἐπιτροπεύσαντα

208 3760 420 3840 accusante
435 3754 603 3836 provincia
622 3775 777 3819 eausam
827 3757 861 3831 ἐς
881 3753 920 3820 τὸ
942 3756 1109 3840 συνέδριον
1130 3752 1309 3840 ἐσήγαγε,
1338 3754 1395 3816 καὶ

208 3855 358 3920 dixerit
485 3856 571 3937 qnod
592 3904 624 3920 ..
649 3857 681 3920 si
703 3857 776 3920 vim
828 3856 1005 3942 ἐγκαλέσας
1020 3853 1117 3941 αὐτῷ,
1141 3852 1191 3922 ὅτι
1213 3860 1269 3920 καὶ
1285 3875 1394 3942 στρα-

207 3957 774 4041 praetorisusurpassetmani·
827 3958 986 4035 ιιώταις
1007 3959 1199 4046 ἐχρήσατο
1231 3961 1287 4023 καὶ
1309 3953 1395 4022 ἄλλα

209 4059 356 4141 busque
389 4058 551 4123 militum
578 4060 657 4123 usis
680 4060 775 4141 foret,
827 4058 1060 4137 teodoraci
1087 4059 1208 4148 ἀρχὴν
1239 4059 1335 4143 ἔχων
1366 4057 1394 4122 ἐ-

209 4169 319 4243 spreta
341 4161 374 4224 in
389 4180 435 4245 *eo
451 4161 603 4227 mandata
618 4182 676 4227 sua
692 4210 700 4226 .
717 4210 725 4226 .
742 4211 750 4226 .
767 4211 774 4226 .
827 4167 959 4250 πραξεν,
982 4162 1255 4250 ἐφυγάδευσεν.

208 4264 260 4326 lta
273 4282 363 4326 reus
379 4247 510 4344 cognito
524 4264 657 4347 negotio
680 4265 776 4328 dam·

211 4372 337 4426 natur.
