3168 4798
701 361 854 460 Q—

185 566 222 645 Q.
250 567 388 631 Haterio
423 569 603 650 comparari
636 588 733 651 posse
766 569 901 631 videtur.
963 567 1083 632 Narrat
1117 568 1200 630 enim
1233 567 1365 630 ibidem:

185 670 366 750 ,Haterium
388 690 459 734 curn
472 671 678 752 deprecandi
701 691 798 734 causa
819 671 980 733 Palatium
1007 670 1174 733 introisset
1207 670 1367 732 ambulan-

182 773 289 855 tisque
312 772 437 835 Tiberii
452 793 558 854 genua
573 774 809 853 advolveretur,
833 793 936 854 prope
953 794 971 835 a
988 773 1139 834 militibus
1154 772 1366 856 interfectum,

188 875 262 957 quie
285 875 434 938 Tiberius
458 894 534 937 casu
557 895 598 938 an
621 877 765 939 manibus
789 875 857 956 ejus
874 875 1036 956 inpeditus
1052 875 1257 956 prociderat!
1302 873 1367 939 Sed
1450 897 1453 903 ·
1548 866 1550 870 ’

183 977 210 1040 si
233 977 352 1040 exitum
374 978 572 1060 respicimus,
597 978 624 1040 si
647 978 838 1060 quaerimus
864 999 926 1058 quo
951 978 1085 1040 consilio
1108 977 1188 1039 illud
1203 983 1367 1040 narratum

184 1079 234 1159 sit,
259 1079 380 1142 distant
401 1079 486 1142 inter
509 1099 544 1142 se
567 1086 725 1144 auctores.
770 1079 925 1142 Diversos
949 1079 1047 1161 igitur
1070 1085 1170 1142 testes
1193 1079 1296 1142 nostri
1319 1098 1366 1142 se·

188 1181 252 1243 euti
274 1185 357 1244 sunt.
463 1229 465 1244 .

180 1283 239 1362 ΙΙΙ,
265 1282 305 1345 27
339 1283 494 1346 Dominus
519 1284 700 1366 appellatus
728 1304 748 1346 a
776 1282 843 1364 ΙΙΙ,
868 1285 907 1348 87
947 1284 1073 1347 Acerbe
1107 1283 1266 1365 increpuit
1300 1302 1365 1349 cos,

182 1384 321 1467 quodam
337 1384 539 1448 denuntiavit
561 1406 601 1448 ne
625 1406 660 1448 se
684 1407 746 1448 am·
801 1387 856 1467 qui
872 1387 997 1449 divinas
1011 1385 1239 1467 occupationes
1251 1385 1366 1467 ipsum-

181 1485 264 1568 plius
288 1487 499 1550 contumeliae
523 1489 620 1551 eausa
648 1488 745 1550 nomi·
800 1508 859 1568 que
884 1488 1044 1550 dominum
1068 1488 1237 1552 dixerant.
1251 1534 1280 1550 ..

182 1594 284 1651 naret.

287 1689 360 1754 Hoc
383 1711 511 1773 quoque
533 1692 606 1756 loco
630 1668 765 1755 eundem
788 1693 941 1754 ambobus
970 1693 1068 1754 fuisse
1091 1693 1214 1754 fontem
1238 1692 1365 1755 minime

181 1793 382 1856 crediderim.
428 1792 551 1856 Causae
572 1794 656 1856 enim
672 1794 853 1873 dissimiles,
877 1814 933 1857 eur
953 1792 1095 1856 vetuerit
1106 1793 1259 1876 princeps
1275 1793 1365 1872 illud,

181 1895 221 1956 ab
244 1895 427 1958 auctoribus
451 1902 748 1959 commemorantur.
791 1896 872 1959 Nam
889 1895 1059 1960 Suetonius
1080 1896 1224 1959 breviter
1241 1894 1365 1960 Tiberii

180 1997 371 2062 sententiam
393 1999 550 2080 exposuit.
596 1999 727 2062 Tacitus
751 2004 857 2062 autem
879 1999 984 2062 addit:
1023 1997 1128 2078 ,Unde
1163 2003 1301 2080 angusta
1330 1983 1392 2061 et¹

178 2098 303 2162 lubrica
325 2099 429 2183 oratio
453 2101 511 2163 sub
533 2101 689 2183 principe,
719 2101 772 2181 qui
795 2101 978 2165 libertatem
1001 2101 1173 2180 metuebat,
1209 2099 1365 2164 adulatio·

179 2219 251 2264 nem
274 2200 409 2264 oderat!
452 2202 557 2266 Porro
580 2203 760 2266 disssimilis
783 2209 834 2266 est
855 2203 1061 2284 Tranquillus
1084 2202 1199 2266 Tacito
1232 2201 1267 2264 in
1301 2207 1364 2264 tra-

179 2303 254 2366 ditis
276 2303 422 2366 luxuriae
446 2305 646 2369 coercendae
669 2305 847 2368 conatibus.
892 2305 1031 2368 Diversa
1059 2305 1144 2368 enim
1177 2303 1266 2368 faeta
1288 2303 1364 2368 Sue·

182 2406 287 2470 tonius
313 2406 383 2489 (III,
400 2405 454 2486 34)
479 2408 624 2470 confudit
645 2407 677 2469 in
701 2428 805 2487 unum,
830 2426 912 2489 quae
929 2407 1060 2470 Tacitus
1077 2405 1231 2487 disjunxit
1254 2406 1308 2488 (ll,
1322 2405 1365 2468 33

185 2511 218 2569 et
238 2507 296 2585 ΙΙΙ,
320 2506 387 2589 52).
431 2510 476 2571 At
498 2509 585 2572 dicat
612 2509 736 2590 aliquis,
771 2529 827 2572 cur
860 2529 970 2572 omnes
1003 2509 1061 2572 hos
1089 2509 1179 2572 locos
1205 2508 1367 2572 referam?

184 2607 265 2685 Quia
287 2629 352 2673 non
374 2610 476 2674 solum
498 2617 633 2693 propter
656 2611 871 2674 similitudinis
894 2610 1058 2692 eujusdam
1081 2611 1220 2693 speciem
1254 2610 1294 2672 ab
1324 2609 1363 2673 iis

183 2711 363 2792 praebitam
384 2711 545 2777 Henrieus
560 2713 741 2778 'Reichau
769 2715 875 2776 omnia
902 2713 1066 2794 adscripta
1099 2713 1140 2774 ad
1167 2731 1364 2776 communem

182 2812 303 2884 fontem
318 2815 491 2893 revocavit,
516 2816 574 2878 sed
597 2816 694 2878 etiam
709 2817 980 2880 Weidmannus
1001 2815 1033 2876 in
1049 2813 1276 2877 dissertatione
1293 2813 1363 2894 jam

182 2934 280 2996 supra
301 2915 466 2999 adscripta
488 2917 614 2980 facilius
631 2917 777 2980 Tacitum
799 2937 870 2982 cum
886 2917 1039 2981 Suetonio
1063 2936 1158 2997 quarn
1173 2936 1243 2979 cum
1257 2915 1363 2980 Dione

179 3018 364 3098 comparari
386 3037 484 3100 posse
519 3019 723 3082 existimavit.
769 3019 833 3084 Sed
849 3037 929 3100 quae
947 3031 1059 3082 contra
1074 3018 1156 3081 hane
1172 3017 1364 3081 sententiam

181 3124 263 3198 sunt,
282 3119 352 3201 jam
377 3120 505 3202 saepius
529 3121 741 3202 exposuimus.

181 3219 239 3299 ΙΙΙ,
264 3220 305 3284 36
328 3221 525 3286 ludaeorum
542 3222 744 3303 juventutem
797 3224 838 3302 II,
863 3223 904 3287 85
938 3223 1055 3284 sactum
1083 3228 1212 3285 senatus
1240 3222 1363 3285 consul-

179 3341 238 3403 per
261 3324 401 3404 speciem
416 3325 608 3387 sacramenti
623 3324 656 3386 in
672 3345 744 3406 pro·
798 3330 871 3405 turn,
906 3333 941 3390 ut
968 3330 1119 3406 quattuor
1146 3323 1297 3388 milia...
1324 3345 1363 3388 ea

178 3424 300 3488 vincias
330 3425 489 3507 gravioris
523 3425 605 3488 caeli
639 3425 744 3488 distri-
797 3427 1026 3508 superstitione
1048 3426 1178 3506 iniecta,
1203 3427 1274 3509 quis
1295 3427 1362 3489 ido-

177 3526 255 3606 buit,
289 3528 433 3609 reliquos
468 3529 573 3609 gentis
601 3526 744 3608 ejusdem
797 3548 859 3591 nea
882 3535 980 3607 aetas,
1018 3529 1051 3590 in
1084 3528 1221 3592 insulam
1255 3528 1361 3593 Sardi·

177 3629 230 3690 vel
252 3627 368 3692 similia
392 3634 552 3692 sectantes
575 3630 647 3691 urbi
663 3649 743 3692 sum·
797 3631 881 3692 niam
925 3627 1128 3709 veherentur,
1174 3630 1361 3695 coercendis

177 3730 292 3810 movit,¹
331 3732 389 3794 sub
422 3751 529 3813 poena
565 3737 743 3813 perpetuae
795 3732 862 3796 illie
884 3733 1062 3796 latrociniis
1086 3741 1127 3812 et,
1152 3733 1179 3795 si
1199 3733 1240 3794 ob
1256 3733 1360 3814 gravi·

176 3831 340 3895 servitutis
363 3833 426 3896 nisi
455 3831 741 3914 obtemperassent.
796 3838 895 3896 tatem
932 3835 1014 3897 caeli
1050 3834 1246 3912 interissent,
1296 3835 1360 3899 vile

797 3936 957 4018 damnum,
974 3936 1075 3999 ceteri
1091 3935 1244 3999 cederent
1254 3936 1360 4008 Italia,

282 4036 414 4099 Tacitus
438 4043 567 4100 senatus
591 4037 769 4100 consultum
792 4037 909 4099 factum
934 4056 1005 4100 esse
1035 4037 1143 4100 tradit.
1189 4037 1360 4102 Suetonius

174 4142 281 4200 autem
303 4158 323 4200 a
344 4139 491 4222 principe
513 4139 656 4202 Judaeos
686 4158 757 4202 esse
791 4139 919 4220 punitos
954 4139 1042 4202 dicit.
1088 4138 1152 4203 Sed
1184 4139 1246 4203 hoc
1277 4139 1359 4205 levis

175 4239 326 4303 momenti
350 4245 408 4304 cst.
454 4241 594 4304 Gru-vius
618 4247 723 4304 autem
746 4241 822 4303 milri
843 4241 971 4304 videtur
1000 4261 1079 4320 esse,
1117 4242 1204 4324 quod
1237 4242 1359 4324 primus

173 4340 282 4422 plures
304 4335 497 4425 provincias,
523 4342 605 4406 altor
627 4362 722 4406 unam
736 4342 800 4406 illis
823 4343 921 4406 fuisse
946 4343 1125 4425 sull'ugium,
1151 4344 1357 4426 Tranquillus

1100 4513 1147 4578 gs
