3148 4802
704 357 857 457 „sa—

194 574 316 631 mature
340 565 475 630 consilio
498 566 573 630 belli
597 566 715 630 bellum
729 567 857 648 juunit‘,
882 587 1071 650 quamquam
1094 567 1261 648 ,hercules‘
1284 567 1373 630 addi·

194 671 249 735 dit.
295 670 388 735 Solus
411 669 496 731 idem
518 669 710 732 Paterculus
730 669 769 732 de
793 670 983 734 crudelitate
1005 671 1143 733 hostium
1170 669 1312 752 loquitur
1340 675 1373 732 et

194 773 348 857 queritur.
393 772 524 837 Scilicet
546 771 704 836 Caecinae
720 773 832 836 Severi
847 773 1014 836 victoriam
1031 773 1159 837 silentio
1182 771 1272 853 tegit,
1297 772 1373 854 quia

193 881 316 940 tautum
349 875 481 938 Tiberio
515 875 633 938 reduce
667 875 835 938 victoriam
867 875 1004 938 rediisse
1043 876 1130 939 dicit.
1190 875 1245 959 (II,
1286 875 1323 937 ll
1346 875 1371 956 ).

192 978 288 1060 Cujus
310 979 433 1042 reditus
448 978 618 1041 utilitatem
635 976 965 1060 necessitudinemque
981 978 1182 1042 celerrimam
1201 977 1368 1061 permultis

194 1081 300 1144 verbis
324 1081 472 1162 explicat.
518 1081 642 1143 Deinde
665 1079 698 1141 in
720 1086 856 1160 utroque
879 1081 1037 1162 scriptore
1055 1081 1200 1162 sequitur
1221 1100 1330 1162 pugna
1352 1100 1373 1142 a

193 1184 288 1247 Cotta
310 1182 484 1246 Messalino
508 1189 620 1246 contra
642 1183 862 1247 Daesidiatem
889 1183 1046 1246 Batonem
1074 1183 1252 1247 commissa.
1303 1182 1372 1259 Qua

193 1287 233 1349 de
255 1306 291 1348 re
313 1286 376 1349 Dio
399 1285 478 1348 haec
501 1285 600 1348 tradit
624 1279 704 1368 (LV,
728 1283 782 1365 30)
806 1279 824 1347 d
844 1283 963 1347 Βάτων
986 1281 1151 1368 ἀπήντησε
1173 1286 1220 1368 τῷ
1235 1289 1371 1348 Μεσσα-

192 1387 267 1470 λίνῳ
291 1392 406 1471 καίπερ
429 1387 559 1470 μηδέπω
582 1385 685 1472 καλῶς
708 1386 796 1467 ἔχων,
831 1389 886 1449 καὶ
914 1389 1184 1471 ἐπικραιέστερος
1212 1382 1314 1452 αὐτοῦ
1337 1389 1373 1450 ἐν

191 1490 376 1574 παρατάξει
398 1488 563 1572 γενόμενος
586 1489 683 1552 ἔπειτ’
709 1491 743 1564 ἔξ
765 1490 895 1571 ἐνέδρας
918 1488 1063 1574 ἐνικήθη,
1097 1491 1243 1572 Vellejus
1266 1497 1373 1554 autem

193 1589 306 1659 'eadem
327 1595 387 1657 hoc
410 1595 504 1658 modo
529 1595 583 1677 (ll,
612 1594 684 1675 112)
709 1594 876 1658 describit:
928 1594 1000 1674 ,Qui
1029 1595 1078 1656 vir
1191 1594 1297 1657 subita
1322 1614 1371 1656 re-

190 1697 331 1761 bellione
360 1718 429 1761 eum
458 1696 635 1780 semiplena
669 1697 796 1778 legione
830 1697 983 1761 vicesima
1017 1697 1229 1760 circumdatus
1262 1697 1371 1760 hostili

192 1787 344 1879 exercitu,
374 1798 508 1881 amplius
526 1800 639 1882 viginti
661 1800 748 1862 milia
763 1800 901 1863 hostium
923 1801 1005 1864 fudit
1019 1799 1220 1882 fugavitquel
1250 1798 1371 1874 Quodsi

190 1903 363 1966 Paterculo
386 1903 481 1965 fidem
503 1901 611 1982 hahes,
636 1903 835 1982 Messalinus,
860 1903 966 1966 subita
990 1901 1167 1965 rebellione
1190 1888 1315 1964 clausus
1339 1907 1373 1962 et

190 2006 223 2067 in
247 2005 362 2067 malam
384 2003 600 2068 conditionem
623 2011 753 2068 coaetus
776 2009 834 2067 est.
873 2005 930 2069 Sin
946 2003 1057 2068 Cassio
1075 2003 1242 2082 credimus,
1266 2001 1369 2084 primo

191 2107 367 2185 aBatone,
392 2126 581 2188 quamquam
608 2107 635 2168 is
663 2116 727 2168 non
753 2107 833 2169 loeis
862 2106 1102 2188 opportunitate
1131 2103 1258 2186 adjutus
1290 2110 1369 2184 erat,
1427 2173 1430 2181 Ι

191 2209 328 2272 Romani
350 2209 383 2270 in
406 2209 474 2272 acie
491 2209 632 2296 superati
656 2214 738 2272 sunt.
769 2208 889 2272 Postea
910 2215 1015 2271 autem
1032 2208 1065 2281 ἐξ
1080 2205 1210 2290 ἐνέδρας
1226 2206 1370 2270 devictus

193 2317 250 2374 est.
307 2312 429 2374 Tamen
456 2311 601 2392 Vellejus
629 2311 767 2374 hostium
800 2311 902 2375 aciem
935 2332 954 2374 a
981 2310 1155 2374 Messalino
1183 2316 1371 2392 perruptam

194 2434 265 2478 esse
289 2414 416 2477 simulat
437 2414 488 2502 trel
511 2414 611 2496 fingit.

299 2517 392 2580 Adeo
416 2517 537 2578 distant
559 2522 716 2580 auctores.
761 2516 875 2599 Neque
897 2517 983 2579 idem
1010 2515 1142 2579 tradunt
1164 2515 1204 2578 de
1226 2515 1370 2598 regione,

192 2620 226 2682 in
250 2639 313 2701 qua
334 2617 589 2698 Rhoemetalces,
620 2619 779 2682 Thracum
801 2639 868 2699 rex,
891 2619 1011 2702 ⁸iterum
1040 2639 1111 2681 cum
1137 2618 1230 2680 hoste
1255 2618 1372 2700 pedem
1407 2647 1409 2651 ·
1468 2611 1469 2614 '

194 2721 337 2786 contulit.
383 2722 437 2805 (ll,
464 2721 524 2784 112
548 2727 580 2784 et
594 2721 661 2801 LV,
686 2720 751 2803 30).
796 2723 910 2804 ltaque
931 2721 1108 2784 summatim
1131 2719 1238 2784 dicere
1261 2740 1370 2802 possu-

192 2845 260 2887 mus
277 2824 420 2888 Oassium
442 2845 506 2887 non
522 2825 642 2906 eodem,
667 2844 730 2907 quc
748 2824 917 2906 Vellcjum,
941 2844 1030 2887 usum
1047 2843 1118 2888 esse
1133 2823 1232 2904 fonte,
1255 2822 1372 2887 nedum

192 2927 281 2990 illum
304 2933 430 2991 secutus
454 2928 504 2990 sit.
527 2963 570 2972 -
947 2921 953 2932 '

300 3029 436 3094 Omnino
470 3030 577 3112 igitur,
614 3030 641 3094 si
663 3029 733 3111 jam
766 3030 958 3094 senteutiam
991 3031 1031 3093 de
1059 3030 1200 3093 fontibus
1228 3019 1389 3092 nostram

192 3132 303 3214 paneis
326 3133 432 3195 verbis
456 3133 703 3216 complectimur,
721 3138 802 3196 'aute
826 3134 932 3197 omnia
954 3133 1100 3215 Vcllejus
1129 3152 1149 3196 a
1177 3133 1295 3198 ceteris
1323 3151 1370 3196 se-

193 3235 354 3318 parandus
379 3240 436 3314 est,
466 3235 541 3317 quia
568 3256 649 3298 uuus
676 3236 824 3300 laudator
853 3241 911 3299 est.
963 3235 1032 3312 Qua
1058 3256 1094 3300 rc
1123 3236 1235 3300 melius
1259 3235 1370 3318 quanti

193 3337 409 3402 aestimandus
426 3337 467 3400 sit
479 3339 522 3400 ab
538 3337 708 3417 historicis,
733 3339 903 3420 exponitur
920 3358 1015 3421 quam
1030 3339 1128 3422 longa
1143 3339 1370 3402 dissertatione

139 3501 141 3506 .
191 3439 262 3502 fieri
283 3446 400 3522 potest.
445 3438 565 3503 Contra
580 3440 783 3504 Paterculum
797 3441 919 3504 instant
933 3447 999 3504 tres
1015 3447 1171 3522 auctores,
1197 3441 1251 3524 qui
1272 3441 1369 3504 histo-

192 3541 273 3604 riam
295 3542 425 3606 tradere
449 3548 636 3606 statuerunt.
682 3544 743 3620 Qui
765 3542 925 3606 nonnullis
947 3543 1027 3606 locis
1044 3544 1174 3607 eosdem
1189 3543 1294 3606 fontes
1322 3563 1369 3606 se·

193 3645 257 3708 cuti
285 3650 367 3723 sunt,
396 3645 610 3726 compluribus
644 3645 800 3708 diversos.
851 3645 919 3709 Neo
946 3645 1057 3709 dolere
1091 3666 1150 3710 nce
1184 3646 1368 3729 vituperare

192 3747 253 3810 hoc
275 3766 451 3828 possumus.
496 3746 578 3809 Nam
600 3748 660 3810 hoc
683 3747 777 3811 modo
800 3747 968 3827 diversam,
992 3755 1027 3811 ut
1048 3749 1094 3810 ita
1110 3739 1222 3828 dicam,
1246 3748 1369 3812 traditi-

192 3868 286 3912 onem
317 3848 410 3911 nobis
444 3856 683 3913 conservarunt.
740 3849 968 3932 Supplementa
1001 3849 1133 3914 alterius
1160 3851 1244 3915 alter
1271 3850 1368 3914 dedit.

192 3950 337 4033 Vellcjus
363 3956 548 4014 autemnon
564 3972 623 4033 pro
640 3952 697 4014 tali
712 3952 865 4016 historico
881 3953 1045 4017 habendus
1063 3960 1121 4017 est.
1159 3953 1290 4018 Scilicet
1304 3973 1370 4016 uon

192 4053 288 4135 plane
312 4053 437 4124 omittet
460 4073 539 4133 cum,
565 4054 618 4137 qui
641 4054 794 4118 historiae
818 4055 1011 4119 Tiberianae
1034 4075 1166 4139 operam
1194 4057 1258 4120 dat.
1304 4054 1368 4120 Sed

193 4153 345 4237 percaute
373 4156 429 4219 illo
456 4162 571 4219 utetur.
624 4157 761 4218 Tantum
790 4164 895 4220 autem
913 4159 1137 4241 *suspicionem
1164 4179 1228 4222 non
1255 4164 1369 4222 contra

193 4263 319 4320 ceteros
341 4263 408 4319 tres
432 4257 599 4338 concipiet.
635 4258 739 4320 hlinus
763 4267 918 4338 quatenus
944 4280 1054 4323 verum
1074 4261 1182 4324 dicere
1208 4260 1370 4324 voluerint
1445 4259 1450 4266 ’

193 4376 286 4438 quam
320 4363 476 4439 quatenus
508 4358 679 4440 potuerint,
709 4378 749 4421 ex
776 4360 824 4424 his
853 4380 1049 4442 quaeremus.
1101 4363 1170 4439 Qua
1196 4363 1229 4426 in
1260 4383 1296 4427 re
1325 4383 1366 4426 ne
