3148 4802
635 341 643 354 ’
690 379 843 476 Α,

173 580 361 662 opinionem
382 601 423 644 ue
450 584 511 645 hoc
545 584 672 665 quidem
706 586 814 664 instat,
850 586 934 666 quod
966 584 1030 649 Dio
1062 606 1176 669 parum
1208 595 1358 651 accurate

174 677 368 766 αὐθήμερον
390 691 424 745 et
445 679 582 767 ἄκριτος
604 686 787 750 damnatum
820 706 892 750 esse
920 687 1071 752 Sabinum
1104 688 1191 751 dicit.
1237 691 1358 754 Verisi-

174 784 341 847 millimum
363 805 435 849 osse
458 788 535 850 mihi
558 789 694 867 videtur,
718 790 804 871 quod
826 790 948 855 fontem
970 810 1167 855 communem
1188 812 1252 856 non
1268 800 1358 858 recte

172 887 407 968 interpretatus
431 897 489 963 est,
518 910 612 970 quem
635 911 675 954 ex
697 893 803 955 Taciti
835 893 942 956 verbis
975 893 1088 957 melius
1121 896 1358 976 cognoscimus:

174 989 256 1068 ‚Nec
276 1009 369 1052 mora
391 991 468 1070 quin
491 992 730 1056 decerneretur‘
755 1002 788 1056 et
810 1003 997 1077 ‚properata
1019 997 1203 1059 accusatio‘.

173 1109 254 1188 V,9,
276 1111 470 1173 tradunt...
492 1117 650 1190 auctores,
667 1113 743 1194 quia
794 1113 912 1193 LVIII,
932 1116 968 1177 11
993 1116 1059 1199 τῆς
1081 1113 1253 1198 κόρης...
1274 1137 1358 1202 προ·

173 1213 416 1276 triumvirali
454 1213 648 1295 supplicio
678 1213 741 1276 ad·
795 1214 1087 1300 διαφθαρείσης
1114 1211 1185 1283 ὑπὸ
1213 1221 1281 1284 τοῦ
1304 1220 1358 1304 δη-

173 1317 244 1398 fiei
288 1315 482 1397 virginem
526 1316 741 1379 inauditum
794 1323 898 1400 μίαν,
922 1315 963 1392 ὦς
985 1316 1050 1400 οὐχ
1072 1315 1182 1384 ὅσιον
1204 1317 1246 1385 ὄν
1267 1345 1358 1403 παρ-

174 1418 363 1497 habebatur,
388 1437 408 1480 a
427 1418 618 1481 carnifice
633 1418 741 1498 laque·
794 1422 1065 1505 θενεοομένην
1087 1421 1163 1486 τινὰ
1186 1425 1358 1507 decadae-

174 1520 607 1603 umjnxtacompressam
630 1519 741 1601 (liliam
793 1526 942 1604 μωνηρίῳ
964 1521 1184 1588 διολέσθαι.

174 1622 311 1704 Sejani).
415 1621 419 1630 '

283 1744 322 1805 In
345 1742 404 1804 bae
427 1760 555 1824 quoque
584 1761 621 1804 re
644 1741 775 1805 Tacitus
803 1745 837 1804 et
865 1742 994 1807 Cassius
1028 1747 1163 1809 eundem
1196 1757 1360 1815 auctorem

174 1844 277 1909 seeuti
301 1849 384 1907 sunt.
428 1843 534 1907 Minus
557 1851 647 1907 certo
670 1844 765 1907 modo
788 1844 933 1925 deloco,
968 1847 1023 1928 qui
1056 1849 1201 1931 sequitur
1236 1851 1358 1934 similis,

174 1947 372 2010 sententiam
394 1943 538 2009 nostram
561 1964 723 2028 exponere
746 1965 929 2028 possumus:

173 2085 215 2165 V,
242 2085 283 2149 10
310 2084 390 2146 Asia
412 2091 508 2165 atque
530 2083 656 2164 Achaja
689 2101 741 2145 ex·
769 2081 911 2166 ILVIII,
934 2084 977 2148 25
999 2084 1108 2170 ἐπειδὴ
1131 2085 1274 2168 τάχιστα
1289 2111 1358 2152 νεα·

172 2188 309 2251 territae
332 2192 407 2249 sunt
428 2185 494 2249 acri
517 2185 620 2267 magis
647 2203 741 2266 quam
793 2189 901 2259 νίσκος
937 2208 996 2260 τις
1031 2189 1201 2271 Δροῦσος
1243 2188 1360 2272 λέγων

174 2291 326 2353 diuturno
353 2307 491 2367 rumore,
518 2287 697 2350 Drusum..
712 2332 741 2348 ..
794 2281 878 2350 εἶναι
892 2292 969 2372 περί
980 2286 1057 2372 ceci]
1074 2312 1094 2352 ν
1108 2285 1281 2354 *Ελλάδα
1303 2296 1359 2356 καὶ

175 2392 262 2475 apud
278 2389 436 2472 Cycladas
457 2388 588 2468 insulas,
611 2407 686 2451 mox
703 2388 742 2449 in
793 2390 867 2472 περὶ
900 2386 959 2472 τὴν
988 2385 1118 2453 Ἰωνίαν
1154 2387 1266 2477 ὤφθη
1304 2373 1360 2458 καὶ

176 2493 399 2558 continenti
424 2492 606 2554 visum...
635 2493 742 2571 Aegy·
794 2491 946 2566 ἐδέξαντο
990 2487 1091 2557 αὐτὸν
1134 2489 1280 2576 ἀσμένως
1324 2497 1361 2560 αἱ

175 2603 265 2678 ptum
292 2601 348 2657 aut
371 2593 583 2676 Syriam...
617 2593 742 2654 invasu·
795 2591 903 2667 πόλεις
925 2597 980 2665 καὶ
1003 2595 1190 2681 σονῄροντο.
1219 2593 1300 2660 nutv
1322 2599 1359 2674 ἐς

175 2721 255 2762 rum
276 2698 443 2780 fingebant
462 2695 617 2776 simulque
633 2693 742 2758 crede·
795 2694 864 2780 τὴν
877 2699 1024 2780 Συρίαν
1037 2721 1110 2782 προ
1118 2698 1293 2784 χωρήσας
1315 2700 1357 2765 τὰ

173 2803 327 2883 bantque.
371 2799 446 2862 Jam
467 2796 647 2879 juventutis
670 2815 743 2860 con·
796 2797 1006 2881 στρατόπεδα
1043 2807 1211 2883 κατέσχεν,
1249 2801 1280 2864 εἰ
1310 2802 1360 2890 μὴ

175 2923 290 2966 cursu.
305 2950 334 2965 ..
371 2900 637 2982 frequentabatur
672 2919 743 2963 cum
794 2906 982 2984 γνωρίσας
1004 2925 1063 2977 τις
1085 2898 1187 2967 αὐτὸν
1202 2903 1361 2989 encelade

175 3006 318 3068 auditum
339 3003 373 3067 id
395 3003 552 3086 Poppaeo
575 3002 741 3067 Sabino...
795 3027 833 3068 τε
859 3007 917 3065 καί
947 3001 1040 3088 πρὸς
1073 3003 1143 3069 τὸν
1178 3009 1359 3089 Τιβέριον

175 3107 383 3190 cognoscit
415 3104 619 3170 sollertius
645 3105 741 3167 inter·
795 3101 959 3189 ἀνήγαγεν.

175 3216 335 3293 rogatum,
373 3208 521 3292 quisnam
543 3207 629 3270 foret
658 3253 741 3270 ....

174 3310 376 3394 Scripsitque
398 3311 479 3374 haec
500 3308 682 3373 Tiberio..
700 3357 707 3371 .

283 3446 354 3524 Qua
375 3446 409 3509 in
431 3465 467 3509 re
489 3444 614 3509 sontem
634 3445 818 3508 auctoribus
840 3446 960 3510 nostris
983 3466 1181 3511 communem
1203 3468 1275 3512 esse
1291 3467 1359 3513 sae·

174 3550 246 3633 pius
269 3556 422 3631 negatum
444 3553 506 3611 est·
550 3547 729 3631 Praecipue
752 3553 858 3610 autem
872 3548 1170 3613 Weidemannus
1192 3551 1226 3612 in
1242 3551 1358 3615 disser-

173 3651 298 3715 tatione
321 3670 420 3733 supra
436 3649 507 3732 jam
530 3648 696 3732 adscripta
717 3656 831 3714 contra
853 3651 1046 3714 sententiam
1072 3651 1160 3714 illam
1184 3671 1305 3716 summa
1326 3653 1359 3716 vi

174 3754 312 3818 obnixus
335 3760 394 3817 est.
440 3751 541 3828 Quam
564 3751 696 3815 obrem
719 3751 854 3814 maxime
876 3751 987 3815 ultima
1008 3753 1174 3835 utriusque
1189 3755 1290 3817 verba
1305 3755 1358 3818 ad·

175 3856 287 3921 hibuit.
333 3855 465 3919 Tacitus
488 3854 573 3917 enim
596 3853 717 3935 adjecit
738 3854 918 3917 narrationi
932 3874 1009 3918 snae
1024 3855 1118 3918 haee:
1153 3855 1276 3938 ,Neque
1298 3876 1358 3920 nos

173 3955 336 4041 originem
355 3956 492 4020 finemve
515 3956 584 4037 ejus
606 3954 656 4018 rei
676 3953 764 4019 ultra
785 3957 1018 4038 comperimus!
1062 3956 1245 4022 Ridiculum
1259 3959 1359 4041 igitur

173 4060 453 4126 Weidemanno
476 4077 548 4122 csse
569 4058 708 4123 ridetur.
744 4059 831 4140 qnod
858 4059 920 4121 Dio
953 4059 1048 4140 plura
1080 4059 1238 4142 adjecerit
1266 4063 1360 4143 quasi

174 4163 287 4227 melius
309 4163 485 4225 instructus
508 4160 633 4240 Tacito,
668 4161 758 4243 cujus
785 4161 929 4224 narratio
951 4161 1015 4224 fine
1037 4167 1127 4226 certo
1150 4169 1249 4226 caret
1294 4163 1360 4229 Sed

174 4265 304 4329 ubinam
320 4263 450 4328 Cassius
472 4263 520 4326 rei
545 4263 664 4326 exitum
686 4262 841 4327 tradidit?
883 4261 984 4327 Immo
1006 4282 1085 4327 vcro
1101 4263 1230 4328 Cassius
1246 4265 1360 4330 eadem

174 4368 276 4432 verba
297 4366 420 4429 addere
442 4365 548 4446 potuit
571 4384 654 4447 quae
670 4364 811 4429 Tacitus.
856 4365 995 4429 Tantum
1017 4362 1174 4448 ἀνήγαγεν
1195 4367 1229 4429 in
1252 4387 1290 4430 co
1313 4369 1358 4431 in·
