3168 4798
701 359 891 459 ,L

187 571 339 634 strandae
362 569 484 652 peritus
510 574 589 648 erut,
613 587 673 630 nee
696 569 798 630 minus
822 566 896 647 quia
919 564 1079 647 propositi
1093 563 1299 627 difficultates
1319 583 1370 628 co-

186 675 298 758 gnovit
320 692 438 754 easque
462 671 605 734 devitare
640 677 773 734 conatus
808 675 866 732 est.
914 669 951 752 (Ι,
976 667 1033 749 293
1069 666 1123 750 815
1158 667 1216 742 ΙΙΙ,
1253 665 1287 748 4;
1315 667 1368 749 Ῑ9;

185 779 243 857 IV,
264 778 319 858 103
346 777 399 858 1-13
423 775 479 856 533
503 773 569 855 57.)
615 774 753 840 Tantum
775 773 808 835 id
831 792 927 834 unum
943 771 1014 852 jam
1035 770 1096 832 hoc
1119 769 1191 833 loco
1215 771 1278 834 dici
1300 777 1369 853 pot-

187 885 245 960 est,
270 879 415 942 Tacitum
438 877 532 942 nimis
554 876 693 940 libenter
715 875 895 948 rumoribus
918 874 1014 936 fidem
1037 873 1195 952 habuisse,
1230 873 1371 954 quinon

80 1049 86 1066 ,
187 982 384 1063 argumentis
407 981 525 1044 firmati
547 985 664 1054 essent,
689 979 747 1042 sed
769 979 871 1060 ipsius
894 977 1078 1058 opinionem
1100 976 1311 1058 comprobare
1327 976 1372 1039 vi-

188 1085 348 1164 derentur,
372 1085 424 1146 vel
447 1083 669 1166 scriptoribus,
694 1081 747 1162 qui
770 1081 849 1143 talia
872 1079 1090 1142 tradidissent.
1137 1077 1175 1162 (l,
1196 1079 1230 1160 53
1254 1079 1369 1161 11,41;

185 1187 306 1268 11‚43;
332 1188 388 1268 723
414 1187 468 1268 733
492 1187 550 1266 ΙΙΙ,
577 1186 609 1267 7;
636 1186 699 1265 16.)
744 1185 819 1266 Ipse
843 1184 970 1264 quidem
1000 1202 1034 1244 se
1063 1189 1155 1246 caute
1182 1182 1247 1245 illis
1280 1203 1372 1246 usum

187 1310 258 1354 esse
282 1290 362 1352 dixit
384 1291 441 1369 IV,
468 1291 520 1370 ll;
546 1289 603 1351 sed
626 1293 749 1350 tantum
771 1307 834 1350 uno
857 1287 929 1349 loco
953 1285 1121 1348 dubitavit.¹
1167 1287 1237 1367 (IV,
1264 1285 1327 1368 11.)

253 1437 258 1446 -
294 1393 386 1455 Alios
410 1393 547 1454 edocere
576 1392 742 1454 historiam
765 1391 862 1453 etiam
885 1389 1055 1454 Suetonius
1078 1388 1283 1471 Tranquillus
1309 1396 1371 1452 sta-

186 1503 301 1559 tuerat.
339 1497 412 1558 Hoc
429 1495 563 1557 consilio
580 1495 753 1556 Caesarum
768 1495 851 1555 vitas
868 1493 1005 1574 scripsit,
1031 1492 1071 1553 ad
1095 1511 1227 1572 quarum
1242 1493 1371 1564 tertiam

186 1621 244 1662 nos
269 1599 391 1660 animes
415 1598 619 1670 atterrdimus.
664 1597 772 1658 Distat
795 1602 901 1658 autem
924 1595 1058 1656 maxime
1081 1594 1114 1657 in
1138 1595 1209 1657 aliis
1232 1597 1328 1659 rebus
1353 1616 1372 1659 a

187 1702 293 1764 Taciti
316 1700 425 1776 indole
449 1705 481 1761 et
504 1698 706 1761 auctoritate.
750 1697 862 1779 Neque
885 1716 992 1760 rerum
1022 1697 1221 1778 publicarum
1254 1700 1372 1781 peritia

187 1822 293 1884 neque
316 1824 438 1865 morum
462 1802 673 1883 exquisitione
697 1801 866 1882 praecellit
893 1806 1013 1862 noster.
1059 1798 1124 1864 Sed
1156 1800 1244 1864 velut
1277 1803 1374 1865 horno

188 1906 388 1986 antiquitatis
412 1905 517 1968 studio
541 1905 668 1967 deditus
697 1923 798 1986 opera
828 1923 886 1966 sua
919 1904 1108 1985 composuit.
1152 1903 1225 1967 Non
1259 1906 1372 1986 quibus

189 2028 229 2070 ex
252 2009 351 2071 initiis
375 2014 448 2070 orta
470 2009 511 2070 ad
534 2027 628 2089 quem
651 2013 768 2070 statum
789 2006 1007 2070 Romanorum
1030 2006 1142 2070 ciuitas
1169 2008 1373 2090 pervenisset

188 2111 345 2193 exposuit,
371 2112 427 2174 sed
452 2111 650 2192 singulorum
672 2110 852 2192 principum
875 2111 958 2172 vitas
981 2110 1027 2172 ita
1050 2109 1234 2174 describere
1250 2111 1370 2190 maluit,

187 2220 338 2295 utquam
360 2214 514 2296 plurimas
537 2233 590 2276 res
614 2219 647 2275 ct
669 2213 755 2275 faeta
779 2218 811 2274 et
833 2213 920 2275 dicta
943 2212 984 2274 ad
1007 2212 1152 2294 singulos
1174 2213 1373 2294 pertinentia

188 2317 357 2399 colligeret
379 2322 412 2379 et
441 2321 657 2380 connecteret.
701 2316 815 2396 ltaque
843 2335 908 2378 non
941 2315 1117 2378 historiam.
1142 2316 1279 2398 scripsit,
1315 2318 1372 2380 sed

187 2439 240 2481 res
264 2418 305 2480 ad
328 2419 494 2481 historiam
518 2419 558 2480 ab
582 2417 654 2480 aliis
678 2417 934 2499 componendam
955 2417 1089 2480 idoneas
1105 2418 1248 2482 tradidit.
1293 2419 1372 2482 Dili-

189 2521 298 2602 gentia
322 2539 451 2600 summa,
476 2539 557 2601 quae
580 2520 711 2600 inrcnit,
735 2521 768 2582 in
791 2519 965 2582 Caesarum
987 2520 1060 2582 vitis
1085 2521 1220 2584 contulit
1243 2528 1275 2584 et
1300 2543 1371 2586 nar-

188 2623 281 2685 ravit.
328 2621 429 2700 Quam
451 2622 618 2686 materiam
641 2622 800 2704 disposuit
821 2623 876 2703 ita,
907 2628 942 2685 ut
964 2623 1099 2705 primum
1122 2624 1161 2686 dc
1184 2627 1372 2706 parentibus

189 2733 222 2788 et
243 2725 417 2806 majoribus
441 2725 638 2808 singulorum
660 2730 818 2805 narraret,
843 2724 959 2787 deinde
983 2725 1022 2786 de
1039 2726 1219 2807 juventute,
1243 2733 1309 2791 tum
1331 2730 1371 2792 de

188 2828 314 2910 imperii
337 2830 544 2910 temporibus,
569 2829 609 2891 de
632 2829 767 2910 regendi
789 2828 884 2890 modo
908 2833 941 2891 et
962 2829 1097 2910 ratione,
1123 2849 1221 2912 porro
1245 2832 1284 2895 de
1308 2853 1371 2896 mo·

187 2931 276 2993 ribus
301 2937 334 2994 et
355 2933 646 3012 consuetudinibus,
671 2938 834 3014 postremo
858 2931 897 2993 de
921 2938 1032 2996 morte.
1077 2933 1115 2996 Id
1143 2953 1220 2998 sane
1243 2935 1371 2998 utilissi-

188 3055 272 3096 mum
294 3034 327 3096 in
350 3035 410 3097 hoe
433 3035 594 3098 scribendi
617 3053 737 3117 genere
759 3035 897 3115 uidetur,
932 3036 1017 3116 quod
1039 3043 1160 3119 auctor,
1196 3038 1248 3120 qui
1278 3058 1372 3121 quam

99 3199 101 3206 ,
187 3138 324 3218 plurima
358 3137 512 3220 colligere
546 3138 608 3201 sibi
640 3137 818 3220 proposuit,
860 3138 966 3200 neutri
1006 3138 1135 3221 favebit,
1175 3142 1232 3204 sed
1266 3143 1372 3206 emnia

189 3241 365 3320 enarrabit,
401 3247 434 3303 et
462 3260 543 3322 quae
577 3242 765 3322 hominibus,
801 3260 934 3323 quorum
967 3242 1034 3305 vita
1067 3243 1279 3309 describenda
1312 3253 1370 3327 est,

189 3345 355 3408 commodo
380 3351 412 3407 ct
435 3355 516 3426 quae
539 3344 739 3408 incommodo
763 3351 844 3408 sunt.
889 3346 927 3408 In
949 3345 1054 3426 prima
1076 3346 1161 3410 vitae
1177 3354 1270 3430 parte
1286 3347 1372 3413 faeta

189 3454 431 3529 extemporum
453 3448 566 3511 ordine
590 3454 810 3527 conseruntur,
849 3455 1012 3530 postremo
1047 3469 1169 3513 morum
1201 3451 1285 3515 ratio
1318 3452 1371 3515 ha-

190 3550 291 3629 betur,
331 3551 471 3631 quinon
496 3552 536 3615 ad
559 3572 655 3615 unum
679 3551 964 3615 annumrevocari
998 3559 1142 3633 pessunt.
1193 3554 1315 3617 Tamen
1338 3562 1373 3619 ut

189 3670 311 3714 morum
333 3689 374 3698 -
396 3660 433 3716 ut
454 3654 500 3717 ita
523 3654 627 3718 dicam
649 3691 692 3702 —-
714 3655 856 3718 radicem
881 3655 1111 3737 psychologica
1137 3657 1263 3720 ratione
1285 3658 1372 3722 inve-

188 3753 281 3833 niret,
306 3756 433 3820 minime
457 3777 589 3839 operum
612 3758 710 3821 dedit.
756 3757 935 3840 Singularis
959 3764 992 3820 ct
1011 3758 1080 3821 fero
1095 3758 1176 3822 mira
1191 3780 1263 3824 esse
1279 3763 1372 3825 nobis

188 3855 263 3917 talis
286 3857 371 3920 vitae
395 3860 571 3942 descriptio
593 3861 730 3924 videtur.
776 3860 840 3925 Sed
863 3867 1043 3942 praetcrea,
1079 3863 1164 3943 quod
1181 3863 1251 3944 jam
1274 3884 1372 3949 supra

189 3957 388 4041 dictumest,
422 3964 565 4028 neutrius
593 3965 699 4028 studio
727 3970 890 4027 auctorem
917 3964 1022 4046 ipsum
1043 3965 1240 4047 inflammari,
1275 3967 1372 4030 etiam

189 4060 230 4121 ob
255 4060 350 4124 aliam
373 4083 500 4128 causam
522 4067 607 4130 haud
629 4067 724 4131 facile
748 4069 914 4149 quisquam
937 4068 1111 4132 contendet
1132 4069 1193 4132 hoo
1209 4070 1372 4134 scribendi

188 4183 289 4245 genus
311 4165 407 4246 plane
429 4167 540 4231 inutile
564 4189 645 4234 esse.
684 4167 773 4234 ¹Nam
795 4171 967 4234 nonnullae
990 4190 1043 4233 res
1065 4191 1104 4233 co
1121 4173 1215 4236 modo
1231 4173 1371 4237 traditae

188 4273 270 4346 sunt,
296 4285 374 4348 quas
397 4289 437 4332 ex
460 4271 531 4334 aliis
554 4273 675 4336 frustra
698 4293 842 4354 quaeres.
891 4273 984 4339 Solus
1019 4274 1103 4336 enim
1126 4273 1297 4340 Suetonius
1331 4279 1371 4340 de

181 4368 352 4451 juventute
376 4371 499 4438 'liberii
522 4376 673 4440 continua
695 4377 882 4440 narratione
902 4396 977 4440 usus
995 4383 1053 4440 est.
1097 4377 1166 4441 Nec
1181 4381 1284 4442 minus
1299 4400 1371 4463 per·
