3148 4802
761 354 804 419 50

193 558 235 636 II,
260 557 302 621 96
323 557 429 639 Hujus
455 559 609 622 victoriae
630 581 760 643 compos
814 562 871 641 lll,
896 561 916 625 9
940 560 1025 637 Quas
1048 562 1089 624 ob
1112 581 1164 624 res
1180 569 1213 624 et
1228 581 1326 625 orans
1343 567 1376 624 et

193 661 281 724 Nero
305 681 405 724 ovans
429 662 644 743 triumphavit.
813 684 906 728 curru
932 665 1043 728 urbem
1065 665 1228 746 ingressus
1252 671 1310 727 est.

300 763 447 844 Vellejns
470 783 598 826 causam
621 767 737 828 Ovandi
761 768 859 829 luisse
882 767 1100 838 Pannonicum
1133 767 1251 829 bellurn
1286 767 1373 846 dicit,

195 866 365 932 Suetonius
389 867 452 928 tria
475 866 559 928 bella
582 865 758 948 Raeticum,
781 869 1009 948 Pannonicum,
1034 868 1267 932 Germanicum.

194 970 235 1048 Il,
259 970 300 1032 99
335 968 482 1030 Tiberius
505 969 612 1032 Nero.
626 1019 653 1038 ,.
677 973 758 1034 mira
808 972 867 1051 Ill,
886 972 926 1035 10
946 971 1058 1034 statuit
1072 977 1206 1053 repente
1222 972 1375 1034 secedere

195 1072 331 1153 quadam
359 1077 392 1133 et
413 1071 594 1133 incredibili
629 1080 661 1135 et
694 1074 758 1135 inc·
884 1075 1021 1152 dubium,
1045 1074 1195 1136 uxorisne
1218 1074 1325 1136 taedio
1343 1122 1374 1136 ..

194 1174 349 1237 narrabili
361 1221 368 1235 .
382 1221 389 1234 .
404 1221 410 1235 .
424 1173 544 1255 pietate
557 1222 564 1236 .
579 1223 585 1236 .
600 1223 627 1253 .,
644 1196 685 1236 ne
702 1176 758 1237 sul·
811 1197 852 1238 an
875 1182 909 1239 ut
931 1225 938 1238 .
953 1225 959 1238 .
974 1225 980 1238 .
1010 1177 1235 1240 auctoritatem
1263 1178 1375 1239 absen-

194 1297 254 1358 gor
270 1296 344 1340 suus
360 1275 529 1339 orientium
538 1277 691 1357 juvenum
705 1279 757 1339 ob·
810 1279 856 1340 tia
878 1285 1022 1353 tueretur
1043 1326 1092 1340 ...
1113 1262 1244 1359 'quidam
1267 1278 1375 1342 existi·

195 1385 296 1442 staret
316 1378 424 1457 initiis,
449 1378 647 1441 dissimulata
663 1401 759 1442 causa
812 1387 907 1459 mant,
942 1380 1058 1443 adultis
1087 1380 1157 1461 jam
1180 1381 1319 1464 Augusti
1339 1381 1375 1442 li·

195 1480 320 1544 cousilii
344 1480 391 1542 sui
415 1489 622 1543 commeatum
646 1483 686 1543 ab
710 1502 758 1543 so·
811 1483 898 1546 beris
921 1491 1035 1565 sponte
1052 1484 1208 1546 cessisse.
1224 1532 1230 1545 .
1245 1531 1252 1546 .
1265 1502 1305 1545 nc
1322 1487 1377 1543 aut
1398 1537 1405 1550 ,

196 1603 271 1647 cero
295 1583 397 1665 petiit.
812 1586 942 1648 obstare
980 1593 1035 1649 aut
1071 1587 1253 1650 obtrectare
1284 1603 1375 1667 prae·

812 1707 886 1749 sens
909 1688 1073 1751 rideretur
1087 1737 1093 1750 .
1108 1737 1136 1751 ..

307 1789 376 1865 Qua
398 1789 430 1851 in
454 1809 489 1851 rc
512 1810 576 1853 non
592 1790 672 1851 leuis
688 1791 840 1876 momenti
856 1797 914 1869 est,
939 1792 1105 1871 sequentia
1120 1791 1264 1855 Suetonii
1279 1791 1378 1852 rerba

196 1892 376 1973 respicere:
417 1891 538 1972 „Quam
561 1911 688 1953 causam
713 1891 845 1972 etipse,
871 1893 927 1955 sed
951 1901 1064 1974 postea
1080 1894 1251 1956 reddidit.“
1295 1891 1378 1955 Nam

196 1994 342 2075 Vellejus
364 1994 542 2076 principem
567 2001 693 2073 secutus
722 1994 809 2056 illam
844 2014 972 2057 causam
1006 2002 1233 2059 commemorat
1266 1995 1375 2057 solam.

196 2097 366 2162 Suetonius
390 2097 547 2158 dubitarit
569 2103 683 2172 autern,
718 2117 791 2158 nurn
821 2096 952 2159 Tiberio
983 2098 1077 2159 fidem
1100 2099 1243 2161 haberet.
1289 2095 1377 2172 Quae

196 2198 342 2280 Vellejus
366 2199 434 2261 sine
457 2198 523 2261 ulla
545 2198 727 2279 suspicione
750 2199 857 2278 tradit,
882 2199 914 2261 in
931 2199 1119 2280 Tranquillo
1142 2205 1274 2282 practer
1297 2199 1376 2262 alias

196 2323 308 2368 causas
332 2302 546 2383 proferuntur.
591 2294 705 2363 Nonne
736 2307 842 2364 autern
869 2303 969 2365 rerba
1001 2303 1058 2365 illa
1090 2302 1201 2365 ultima
1234 2302 1376 2367 Suetonii

196 2405 396 2468 ad‘cundem
418 2404 538 2468 fontem
560 2405 743 2466 revocanda
766 2411 848 2484 sunt,
884 2405 924 2467 ad
959 2424 1052 2487 quem
1081 2405 1274 2486 Vellejana‘?
1318 2404 1376 2466 Mi-

196 2509 280 2570 nime
288 2529 295 2588 ;
319 2526 378 2570 nec
401 2507 561 2588 Vellejum
585 2513 711 2569 secutus
736 2513 785 2570 est
807 2508 1021 2588 Tranquillus,
1058 2507 1121 2570 sed·
1138 2507 1375 2588 ,commentario

197 2610 264 2689 illo,
288 2629 381 2699 quern
404 2610 444 2671 de
467 2609 534 2670 vita
557 2628 613 2672 sua
636 2610 813 2672 summatim
837 2611 1041 2692 breviterque
1066 2611 1254 2692 composuit‘
1282 2610 1376 2672 'libe-

197 2715 273 2792 rius,
309 2731 380 2775 csse
407 2731 482 2774 usus
511 2712 645 2774 ridetur.
691 2711 760 2788 Qua
782 2711 972 2776 Paterenlus
995 2713 1040 2776 uti
1063 2730 1128 2775 non
1155 2713 1268 2795 potuit,
1303 2712 1378 2792 quia

197 2815 287 2898 prius
309 2814 455 2897 principe
478 2820 620 2877 mortuus
649 2821 698 2876 est
726 2814 779 2894 (cf.
803 2813 890 2879 Suet.
914 2815 972 2895 III,
997 2815 1036 2879 61
1061 2816 1101 2878 dc
1125 2814 1376 2894 commentario).

305 2918 418 2998 ltaque
440 2936 504 2979 non
528 2918 664 2998 contigit
685 2917 787 2996 nobis,
812 2923 848 2980 ut
870 2918 1093 2981 similitudines
1115 2919 1148 2980 in
1171 2918 1238 2980 rita
1253 2916 1378 2980 'liberii

201 3020 399 3086 Suetoniana
423 3024 455 3081 ct
477 3020 510 3081 in
525 3019 654 3100 Velleio
675 3019 904 3082 invenirentur.
949 3019 1013 3084 Sed
1037 3040 1099 3102 quo
1123 3020 1217 3083 modo
1234 3019 1380 3101 judican-

200 3124 274 3186 dum
297 3128 346 3184 est
369 3122 408 3184 de
431 3121 503 3184 loco
527 3120 593 3200 illo,
619 3140 713 3202 quern
732 3121 892 3185 Henricus
915 3121 1088 3184 Reiclrau
1111 3141 1128 3183 e
1151 3122 1218 3184 rita
1233 3121 1379 3203 Augusti,

200 3225 328 3308 qualem
350 3223 519 3289 Suetonius
543 3223 723 3305 descripsit,
748 3225 781 3286 in
804 3224 1034 3287 dissertatione
1057 3243 1114 3286 sua
1137 3223 1330 3306 adscripsit?

199 3326 317 3408 11,123
334 3325 761 3407 ansarAugustuseum...
814 3327 855 3406 H,
890 3327 931 3391 97
976 3327 1173 3390 Tiberium
1216 3326 1314 3407 igitur
1347 3326 1380 3386 in

201 3429 398 3492 'liberium
434 3428 533 3490 filium
577 3430 763 3491 missurus
815 3429 1013 3510 illyricum
1030 3427 1379 3492 dimissurusetsse-

202 3537 289 3594 esset
320 3531 353 3592 iu
380 3530 542 3611 Illyricum
636 3551 763 3612 prose·
815 3537 1018 3594 neventum
1051 3549 1169 3613 usque
1202 3547 1379 3611 prosecu-

202 3652 319 3715 quens
354 3651 433 3694 eum
541 3633 699 3715 processit
732 3634 764 3694 in
816 3638 934 3695 turus.
972 3633 1075 3698 98...
1114 3633 1190 3696 Mox
1212 3631 1380 3714 Neapolim
1462 3707 1465 3713 Ι

203 3734 418 3817 Campaniam.
454 3733 682 3817 Quamquam
696 3735 766 3816 jam
817 3734 955 3816 trajecit,
969 3755 1192 3817 quamquam
1205 3735 1380 3798 etiamtunc

203 3842 305 3899 motus
342 3836 570 3900 imbecillitatis
603 3838 765 3901 inclina·
817 3836 948 3899 infirmis
972 3837 1132 3900 intestinis
1165 3838 1295 3900 morbo
1323 3855 1380 3897 ra·

203 3946 341 4020 taeque
364 3938 403 4000 in
419 3938 592 4002 deterius
608 3939 766 4021 principia
818 3940 945 4002 riante
959 3986 965 4002 .
981 3988 1008 4002 ..
1033 3960 1103 4002 enm
1119 3939 1251 4002 Tiberio
1272 3939 1312 4002 ad
1329 3939 1380 4000 de·

203 4042 396 4105 valetudinis
412 4046 566 4120 senserat,
590 4042 766 4110 ,100000010-
820 4042 971 4104 stinatum
993 4043 1097 4104 locum
1120 4042 1294 4104 contendit.
1318 4041 1382 4105 Sed

204 4145 326 4208 nitente
360 4144 392 4206 vi
415 4143 511 4206 animi
537 4152 766 4225 prosecutus
819 4144 851 4206 in
874 4144 1038 4208 redeundo
1073 4144 1289 4225 adgrauata
1321 4162 1382 4203 va·

203 4246 302 4308 filium
324 4247 551 4328 digressusque
575 4248 615 4308 ab
642 4265 680 4308 eo
703 4246 767 4308 Be·
819 4246 1008 4324 letudine,
1037 4246 1166 4308 tandem
1188 4245 1291 4308 Nolae
1315 4263 1382 4306 suc-

204 4347 363 4409 neventi
385 4348 468 4428 ipse
494 4346 628 4410 Nolam
650 4348 768 4429 petiit
820 4348 927 4410 cubuit
947 4352 1247 4427 reuocatumque
1271 4364 1311 4407 ex
1333 4345 1382 4407 iti-
