3148 4802
731 361 885 466 *aa*

324 571 463 636 Maxime
486 571 659 636 inhaere
683 572 796 634 mirum
819 579 877 652 est,
902 570 988 653 quod
1010 568 1139 633 Cassius
1163 570 1205 633 ad
1226 556 1305 634 belli
1327 570 1395 634 des-

217 675 396 758 criptorem
418 675 563 739 accessit.
615 673 697 738 Nam
724 674 758 737 in
785 674 908 738 Tiberii
935 671 1091 756 principis
1117 673 1316 756 temporibus
1345 692 1396 737 ex·

216 778 373 860 ponendis
396 777 460 840 alio
482 778 554 841 loeo
576 797 641 840 non
671 777 718 840 ita
745 778 821 860 egit.
866 775 959 854 Quod
980 776 1051 859 jam
1077 795 1176 858 supra
1202 775 1322 840 dictum
1348 782 1398 840 est

217 881 360 960 anobis,
384 879 645 944 Froitaheimium
667 880 794 943 secutis.
832 879 897 945 Sed
921 879 996 942 addi
1012 897 1145 944 neeesse
1169 883 1220 942 est
1240 879 1301 943 hoe
1323 878 1397 944 loeo

215 1002 284 1046 rem
305 1002 371 1046 non
393 983 527 1046 eandem
551 1003 632 1064 esse,
657 983 732 1065 quia
765 984 910 1046 narratio
944 983 984 1046 de
1017 983 1181 1065 legatione
1204 981 1398 1046 Parthorum

216 1105 236 1149 a
267 1086 345 1149 belli
368 1085 586 1168 descriptione
620 1086 674 1149 rix
709 1085 849 1168 disjungi
882 1091 1001 1168 potest.
1047 1087 1162 1168 Itaque
1196 1085 1223 1149 si
1255 1085 1399 1168 priorem

215 1189 434 1252 narrationem
455 1189 518 1251 Dio
553 1208 570 1252 e
605 1189 693 1252 fonte
708 1215 711 1220 ·
728 1189 887 1252 communi
909 1188 1052 1271 sumpsit,
1088 1189 1184 1253 etiam
1208 1193 1398 1271 sequentem

215 1291 355 1356 adscribi
378 1293 558 1373 oportebat.
603 1292 709 1355 Aliter
732 1311 784 1356 res
808 1292 933 1356 eratin
957 1291 1116 1355 tradenda
1136 1291 1322 1356 Germanici
1345 1310 1396 1354 ex·

213 1393 378 1476 peditione
401 1394 433 1457 iu
450 1394 656 1458 Germaniam
677 1395 764 1458 facta
785 1391 861 1476 post
882 1395 1044 1476 legionum
1060 1394 1250 1458 seditionem
1264 1394 1396 1458 linitam.

213 1496 379 1561 Facillime
402 1497 481 1561 haec
504 1499 544 1560 ab
573 1498 630 1562 illa
653 1499 799 1580 separari
826 1498 941 1581 potuit.
991 1498 1128 1562 Omnino
1158 1497 1397 1562 crediderim'e

213 1600 302 1663 fonte
332 1601 488 1663 communi
522 1620 562 1664 ne
591 1601 739 1665 Tacitum
773 1602 901 1683 quidem
935 1601 975 1664 dc
1008 1601 1102 1665 bellis
1129 1600 1329 1665 Germanicis
1351 1601 1396 1663 in-

215 1709 372 1766 structum
394 1702 501 1783 fuisse,
527 1704 584 1766 sed
608 1723 648 1768 ex
671 1703 734 1767 alio
758 1723 867 1786 opere,
893 1704 934 1768 de
958 1723 1020 1786 quo
1044 1703 1129 1768 iufra
1150 1704 1326 1786 loquemur.

213 1838 638 1920 VI,38FuleiniusTrio
654 1841 778 1923 ingru-
808 1840 811 1866 ¹
832 1841 950 1922 LVIII,
975 1840 1025 1904 25.
1073 1836 1304 1914 Φοαλκίνιός
1340 1861 1397 1913 τις

214 1942 314 2006 entis
337 1947 592 2005 accusatores
609 1943 680 2006 hau
697 1963 778 2024 per·
807 1933 810 2016 l
835 1947 1023 2022 Τρίοιν...
1059 1944 1343 2026 κατηγορηθεὶς
1365 1964 1397 2003 τι

212 2064 364 2127 pessus,
403 2045 593 2126 supremis
631 2046 778 2108 tabulis
808 2025 1001 2128 'accedite
1039 2047 1094 2107 καὶ
1131 2045 1239 2120 δείσας
1277 2040 1397 2110 αὑτὸν

212 2147 330 2210 multa
352 2152 386 2210 et
407 2147 558 2210 atrocia
579 2148 613 2210 iu
635 2147 777 2211 Macro·
807 2143 1130 2231 {apoaadnratra
1180 2145 1305 2211 πολλὰ
1356 2147 1397 2209 δὲ

211 2269 294 2313 nem
317 2269 354 2313 ac
376 2251 568 2333 praecipuos
589 2250 777 2314 libertorum
807 2251 897 2338 ξκαδ
929 2248 996 2314 τὸν
1022 2249 1224 2335 Μάκρωνα
1257 2252 1293 2313 ἐν
1325 2257 1397 2324 ταῖς

213 2350 362 2416 Caesaris
375 2354 563 2436 composuit,
579 2340 643 2436 ipsi
658 2352 778 2416 fluxam
831 2352 1043 2437 διαθήκαις
1076 2351 1308 2438 λοιδορήσας
1341 2355 1396 2416 καὶ

214 2454 284 2518 seni
299 2462 505 2520 mentem...
529 2457 775 2538 objectanda
806 2447 862 2539 {ol
896 2461 956 2538 μὲν
992 2457 1129 2532 παῖδες
1171 2452 1290 2523 αὐτοῦ
1328 2452 1396 2522 οὐκ

211 2557 319 2636 Quae
344 2561 388 2623 ab
416 2559 625 2623 heredibus
654 2559 776 2623 occul·
806 2550 1392 2645 ἒδιόλμησαν...δημοσιει”ισαι,

210 2666 295 2726 tata
360 2662 543 2725 Tiberius
607 2662 776 2726 recitari
830 2658 916 2725 ὅδὲ
942 2660 980 2747 δὴ
1006 2659 1248 2749 Τιβέριος...
1287 2667 1319 2740 ἐς
1355 2662 1393 2728 τὸ

204 2762 341 2847 jussit;
383 2765 574 2848 patientiam
614 2764 775 2828 libertatis
828 2763 1109 2850 βουλευτήριόν
1150 2785 1251 2851 σφας
1287 2769 1392 2831 iono-

210 2866 337 2931 alienae
360 2874 526 2931 ostentans
556 2874 589 2932 et
615 2873 775 2931 contem·
828 2869 1234 2953 prostrastratum.
1250 2866 1392 2956 ἥκιστά
1474 2861 1480 2874 ’

209 2967 299 3053 pter
326 2989 417 3034 suae
439 2969 631 3034 infamiae.
828 2994 864 3032 ‘ca
886 2969 945 3057 γὰρ
969 2967 1056 3054 αὐτῷ
1078 2972 1142 3037 τῶν
1163 2971 1391 3038 τοιούτωνέ-

826 3071 918 3156 μελε
933 3076 988 3136 καὶ
1009 3073 1068 3150 τὰς
1084 3081 1321 3162 κακηγορίας
1337 3079 1392 3139 καὶ

827 3175 1106 3254 λανθανούσας
1178 3175 1286 3264 ὥσπερ
1302 3177 1392 3254 τινὰς

827 3279 987 3358 enarrem,
1011 3284 1190 3366 ἐξέφαινον.

319 3396 358 3460 In
373 3396 561 3460 narratione
583 3397 661 3461 laeti
684 3398 860 3481 scriptores
884 3403 1097 3467 consentiunt.
1132 3404 1196 3469 Sed
1218 3404 1251 3467 in
1267 3405 1392 3488 judicio

208 3499 294 3563 inter
316 3518 351 3563 se
374 3499 504 3564 distant.
550 3500 697 3564 Tacitum
726 3502 810 3564 enim
837 3503 989 3585 severius,
1018 3506 1104 3586 quod
1125 3505 1195 3588 jam
1222 3527 1320 3589 supra
1347 3508 1391 3570 vi-

210 3601 321 3682 dimus,
340 3601 477 3684 judicat.
508 3602 714 3667 Simulavisse
731 3604 894 3668 Tiberium
915 3607 1006 3688 quasi
1020 3607 1203 3672 libertatem
1224 3610 1390 3673 toleraret.

207 3703 378 3769 Infamiam
414 3705 553 3788 principi
592 3706 772 3787 conjectam
807 3707 938 3772 veritati
974 3711 1172 3792 respondere
1215 3712 1390 3775 contendit.

207 3806 271 3870 Dio
296 3814 412 3889 autem,
436 3807 614 3890 patientem
635 3808 795 3874 libertatis
823 3811 948 3888 alienae
976 3813 1074 3876 fuisse
1097 3814 1261 3877 Tiberium
1287 3815 1392 3878 eredit

208 3915 242 3972 ct
264 3910 410 3974 convicia
433 3910 693 3975 adversariorum
716 3914 957 3996 contempsisse.
992 3916 1128 3980 Omnino
1152 3923 1300 3980 auctores
1326 3937 1391 3980 non

205 4011 240 4075 in
263 4011 476 4102 dijudicandis
499 4014 640 4078 moribus
675 4015 828 4098 principis
862 4017 947 4082 illius
972 4019 1143 4101 singularis
1178 4021 1389 4085 consentiunt.

205 4113 255 4179 De
280 4134 344 4198 qua
365 4135 402 4180 re
424 4121 500 4200 post
522 4123 710 4200 comparata
732 4119 880 4202 exempla
901 4121 1076 4204 loquemur.
1161 4169 1163 4173 ·

204 4249 263 4334 VI,
307 4252 351 4317 45
395 4253 508 4337 gravi
556 4252 647 4337 igne
821 4254 940 4339 LVIII,
965 4257 1007 4321 26
1033 4256 1242 4342 πυρίαολὺ
1269 4259 1389 4324 πλείω

205 4354 343 4422 deusta
379 4363 490 4441 parte
524 4357 634 4438 circi,
660 4375 769 4440 ·quae
821 4364 953 4445 περίτι
974 4359 1032 4426 τὸν
1054 4359 1303 4447 ἱππόδρομον
1325 4366 1390 4428 καὶ
