3168 4798
715 307 869 407 *au-

200 513 260 594 III,
282 512 324 576 47
358 513 510 596 princeps
538 532 643 596 neque
665 533 767 598 opera
818 514 876 595 VI,
899 511 942 578 45
975 513 1276 596 modicusprivatis
1299 514 1384 579 aedi-

201 616 267 680 ulla
300 615 470 698 magnifica
502 615 581 681 fecit
613 614 701 701 (nam
734 623 767 688 et
818 615 1020 682 linctionibus
1042 635 1084 680 ne
1105 615 1232 700 publice
1256 616 1385 700 quidem

201 737 300 802 quae
336 718 423 782 sola
457 724 656 802 susceperat,
693 720 765 783 Au·
818 719 894 783 nisi
918 718 993 782 dno
1010 737 1130 802 opera
1145 715 1270 800 struxit,
1294 724 1383 783 tcm-

200 820 303 904 gusti
319 819 765 904 templumrestitutionem·
818 822 922 905 plum
954 823 1129 904 Augusto
1168 827 1202 885 et
1234 840 1384 888 scenam

200 941 261 1005 que
276 922 504 1006 PompeJani
523 923 686 1004 theatri,
710 924 765 988 im·
818 923 1047 1010 Pompejani
1083 924 1242 1006 theatri;
1281 943 1383 1009 eaque

198 1026 345 1110 perfecta
359 1031 435 1108 post
445 1031 494 1090 tot
505 1044 607 1090 annos
619 1025 764 1111 reliquit)
818 1026 973 1109 perfecta,
1009 1031 1212 1110 contemptae
1240 1027 1383 1091 ambitio·

491 1151 500 1170 ·
817 1129 869 1192 nis
892 1148 933 1192 an
948 1148 1008 1212 per
1023 1133 1228 1210 senectutem,
1251 1130 1314 1194 hau
1330 1129 1383 1195 de·

820 1231 950 1296 dicavit.

226 1325 229 1333 '
306 1330 474 1396 Simillimo
502 1332 598 1396 modo
626 1333 707 1398 haec
739 1333 861 1398 tradita
895 1339 977 1398 sunt.
1021 1331 1154 1398 Numeri
1187 1339 1221 1396 et
1252 1333 1383 1398 nomina

198 1433 420 1498 aedificiorum
443 1434 557 1498 eadem
579 1440 662 1500 sunt.
706 1438 751 1500 At
772 1435 943 1502 Suetonius
978 1455 1017 1499 ca
1048 1435 1148 1499 fuisse
1181 1435 1380 1517 imperfecta,

200 1536 330 1601 Tacitus
353 1536 499 1618 perfecta
521 1537 612 1602 dioitl
658 1537 723 1604 Sed
758 1539 786 1603 si
819 1538 1080 1620 superstitionem
1102 1537 1247 1602 Suetonii
1281 1535 1382 1622 (velut

197 1638 256 1718 III,
282 1637 335 1721 14)
358 1639 504 1722 respicis,
540 1640 688 1705 aedificia
717 1641 789 1721 ,hau
811 1641 970 1705 dedicata‘
998 1639 1047 1703 illi
1067 1638 1258 1722 imperfecta
1279 1639 1384 1704 videri
1408 1651 1411 1658 '

200 1747 361 1824 poterant
428 1741 595 1807 Facillime
638 1745 751 1808 eadem
787 1744 924 1808 diversis
961 1742 1026 1806 illis
1062 1742 1170 1805 verbis
1207 1741 1383 1824 significari

198 1849 343 1926 possunt.
388 1843 454 1910 Sed
477 1845 574 1909 etiam
596 1846 792 1910 contrarium
814 1853 978 1911 auctorem
999 1844 1098 1908 fuisse
1120 1843 1184 1908 illis
1204 1863 1270 1907 non
1285 1843 1381 1926 plane

196 1946 311 2029 negari
332 1945 418 2011 licet.
462 1947 640 2030 Pergamus
662 1948 761 2032 igitur
783 1949 817 2012 in
840 1947 1056 2032 comparando
1080 1945 1195 2011 Tacito
1219 1965 1290 2010 cum
1305 1944 1381 2011 Sue·

197 2048 296 2112 tonio.

196 2151 254 2224 ΙΙΙ,
266 2151 309 2216 48
325 2151 696 2235 quibusdamdominis
712 2155 762 2218 in·
814 2154 871 2234 IV,
896 2153 938 2218 65
971 2153 1111 2217 deusto
1138 2157 1266 2215 monte
1289 2151 1381 2214 Gae-

197 2253 379 2335 sularum,
437 2275 519 2338 quae
560 2256 594 2319 in
635 2262 762 2321 monte
813 2254 1380 2337 lio...VI,45deustaparte

197 2354 329 2422 Caelio
421 2357 759 2442 deflagraverant,
813 2355 1381 2435 circi...Quoddamnumansar

195 2459 329 2540 pretio
351 2459 511 2524 restituto·
812 2463 854 2527 ad
889 2463 1024 2545 gloriam
1057 2460 1157 2523 vertit
1189 2457 1380 2523 exsolutis

812 2565 983 2629 domuum
1006 2570 1044 2627 et
1065 2562 1278 2626 insularum
1300 2580 1380 2642 pre-

812 2667 892 2730 tiis.

301 2765 386 2830 Sane
402 2765 574 2832 Suetonius
596 2788 706 2832 rursus
729 2768 792 2832 duo
809 2769 939 2832 diversa
953 2767 1041 2832 faeta
1061 2767 1094 2830 in
1109 2786 1206 2828 unum
1221 2764 1374 2829 confudit.

193 2868 307 2950 Ignem
331 2868 425 2949 enim,
450 2870 559 2951 quiin
581 2878 688 2935 monto
711 2870 822 2936 Caelio
846 2873 917 2955 (IV,
941 2869 996 2953 64)
1025 2875 1058 2933 ot
1080 2869 1135 2951 qui
1162 2868 1195 2931 in
1217 2867 1378 2930 Aventino

194 2971 264 3052 (VI,
287 2970 343 3053 45)
360 2972 475 3055 erupit,
499 2973 595 3056 plane
610 2974 805 3056 permiscuit.
844 2973 909 3040 Sed
925 2972 1085 3057 quomodo
1100 2971 1161 3034 hoo
1176 2970 1248 3034 fieri
1263 2970 1376 3052 possit,

192 3074 345 3153 quaeres!
389 3072 472 3137 Nam
497 3075 591 3157 ignes
623 3075 672 3139 illi
698 3077 835 3141 diversis
868 3076 960 3140 annis
988 3079 1081 3138 erant
1103 3078 1137 3136 et
1159 3073 1200 3135 ab
1222 3071 1377 3136 historico

191 3174 263 3240 aliis
284 3176 375 3256 locis,
411 3175 500 3239 velut
534 3177 700 3258 aTaoito,
734 3179 858 3244 narrati
891 3198 963 3243 esse
997 3177 1156 3240 videntur.
1199 3174 1246 3236 At
1277 3173 1305 3237 si
1338 3195 1379 3238 ox

191 3277 271 3341 actis
294 3278 431 3361 publicis
453 3278 528 3342 illos
551 3286 754 3364 comparatos
777 3281 866 3346 locos
890 3300 962 3345 esse
991 3283 1133 3360 sumptos
1167 3275 1377 3358 conjicimus?

189 3379 263 3444 Hoc
284 3381 379 3444 modo
402 3381 498 3446 facile
520 3383 710 3465 contingere
732 3385 845 3467 potuit,
870 3390 905 3448 ut
926 3383 989 3448 duo
1013 3379 1178 3462 adscripta
1205 3397 1225 3441 a
1252 3378 1366 3443 Tacito

189 3482 276 3546 facta
298 3482 578 3548 confunderentur.
624 3485 689 3551 Sed
723 3486 763 3550 de
785 3486 926 3550 fontibus
960 3484 1049 3548 infra
1071 3480 1252 3546 accuratius
1285 3465 1378 3565 loqui

187 3585 396 3651 conabimur!

187 3685 755 3766 111,48utf0enerat0res'duas
808 3692 866 3772 VI,
893 3692 931 3755 17
954 3691 1052 3754 duas
1087 3686 1223 3770 quisque
1249 3692 1377 3757 faeno.

186 3788 372 3871 patrimonii
416 3797 554 3873 partes
602 3792 641 3856 in
685 3794 755 3858 solo
807 3795 862 3858 ris
905 3783 1056 3877 partes
1084 3798 1123 3861 in
1166 3802 1273 3886 agris
1317 3819 1377 3882 per

187 3890 447 3973 collocarent,
472 3894 674 3960 debitores
703 3902 754 3960 to·
806 3897 933 3962 Italiam
956 3901 1199 3986 conlocaret,
1229 3905 1376 3971 debito·

185 3991 303 4055 tidem
336 3995 441 4058 aeris
475 3995 596 4060 alieni
624 3998 753 4062 statim
805 4019 868 4064 res
904 4001 1067 4066 totidem
1105 4006 1209 4071 aeris
1252 4009 1377 4074 alieni

186 4094 401 4159 solverent.
807 4103 942 4166 statim
964 4106 1179 4173 solverent.

291 4199 377 4262 Ante
400 4199 507 4264 omnia
529 4200 657 4281 quidem
678 4201 712 4265 in
734 4203 796 4268 hac
819 4224 855 4268 re
879 4208 1117 4272 concedendum
1149 4217 1200 4276 ost
1225 4232 1291 4277 non
1317 4215 1377 4285 tali

184 4297 289 4379 modo,
314 4300 401 4382 quali
424 4301 571 4366 Tacitum
594 4303 832 4388 adscripsimus,
866 4327 936 4372 eum
966 4310 999 4373 in
1024 4314 1250 4396 manuscriptis
1278 4317 1376 4381 tradi·
