3148 4802
798 327 840 391 34

227 539 286 618 III,
309 537 352 602 22
374 536 542 602 codicillos
566 582 573 598 .
598 582 606 598 .
630 582 637 597 .
662 535 791 598 dubium
844 534 870 614 I,
895 533 915 596 6
937 531 1073 614 primum
1088 535 1210 601 facinus
1226 537 1303 602 novi
1324 537 1404 621 prin·

226 642 295 722 fuit,
318 643 524 723 Augustusne
551 637 691 701 moriens
718 637 791 701 reli·
844 638 969 721 cipatus
1010 634 1071 702 fuit
1102 641 1270 724 Agrippae

228 745 351 828 quisset
366 791 373 808 .
387 791 394 806 .
409 792 415 806 .
430 792 437 806 .
452 742 500 807 ‘an
516 741 643 806 nomine
655 740 792 823 Augusti
843 746 959 812 caedes
984 801 991 814 .
1016 797 1022 812 .
1049 796 1056 811 .
1079 747 1181 832 patris
1199 745 1293 828 jussa
1316 742 1405 806 simu·

226 847 320 912 Livia
341 852 375 911 et
397 864 436 910 ea
451 846 581 910 conscio
596 843 728 908 Tiberio
750 862 791 905 an
844 849 933 914 labat
999 848 1187 936 (Tiberius).
1270 845 1406 928 Propius

226 950 341 1031 ignaro
364 949 528 1013 dictasset.
844 971 922 1016 vero
945 955 1111 1019 Tiberium
1133 972 1171 1016 ac
1186 950 1311 1014 Liviam
1327 995 1333 1011 .
1352 996 1359 1010 .
1377 995 1407 1010 ..

812 1064 815 1134 )
845 1055 975 1119 caedem
998 1056 1203 1121 festinavisse
1226 1100 1233 1116 .
1259 1099 1267 1115 .
1291 1099 1299 1114 .
1324 1100 1331 1113 .

335 1154 420 1219 Sanc
443 1172 525 1236 quae
548 1159 732 1235 sequuntur,
769 1155 869 1218 verba
891 1157 1014 1222 Tiberii
1049 1155 1229 1222 centurioni
1251 1153 1411 1217 nuntianti

228 1258 360 1323 caedem
388 1275 460 1320 esse
488 1256 665 1338 perfectam
697 1275 863 1338 responsa,
899 1280 963 1324 non
999 1262 1101 1325 solnm
1134 1261 1167 1323 in
1190 1258 1345 1324 Suetonio
1379 1261 1411 1318 et

227 1360 352 1437 Tacito,
376 1358 553 1423 sedetiam
586 1359 619 1421 in
642 1357 755 1422 Cassio
786 1359 932 1425 similitor
954 1363 1168 1442 inveniuntur,
1193 1360 1354 1425 simillime
1376 1359 1410 1421 in

229 1463 418 1544 Tranquillo
442 1468 475 1525 et
497 1461 611 1524 Dione.
652 1460 721 1526 Sed
743 1481 808 1525 non
841 1463 901 1528 hac
935 1485 974 1528 ex
1007 1486 1045 1530 re
1079 1465 1190 1547 colligi
1207 1463 1279 1545 jam
1302 1466 1411 1544 potest

227 1572 332 1630 totum
354 1564 458 1628 locum
482 1583 522 1626 cx
538 1563 656 1627 eodem·
674 1563 762 1627 fonte
778 1572 937 1648 sumptum
960 1587 1042 1631 osse.
1073 1567 1155 1632 Nam
1169 1586 1282 1649 parum
1298 1564 1411 1627 mirum

227 1669 363 1748 videtur,
387 1667 415 1730 si
439 1667 537 1729 verba
559 1666 664 1748 prima
685 1667 761 1729 novi
788 1669 943 1752 principis
972 1671 1012 1733 ob
1039 1671 1138 1734 talem
1167 1687 1296 1733 causam
1325 1666 1412 1730 dicta

226 1771 374 1836 similitor
397 1771 437 1832 ob
461 1769 606 1832 omnibus
629 1769 809 1833 traduntur.
854 1770 968 1855 Neque
992 1773 1019 1836 si
1042 1773 1164 1836 fontem
1186 1771 1251 1834 illis
1274 1789 1411 1834 commu-

227 1872 421 1939 neminisse
445 1872 598 1954 opinaris,
622 1892 686 1935 non
708 1872 853 1954 intellegi
876 1883 994 1955 potest,
1019 1895 1075 1938 cur
1098 1881 1246 1938 auctores
1277 1874 1308 1935 in
1334 1873 1412 1955 diju-

230 1977 368 2041 dicanda
390 1995 487 2038 causa
509 1975 594 2039 inter
624 1994 659 2038 se
682 1975 811 2038 distent.
857 1976 938 2038 Nam
966 1977 1136 2042 Suetonius
1165 1977 1289 2039 dubitat
1316 1983 1413 2058 atque

228 2080 376 2144 haesitat.
422 2078 554 2142 Tacitus
577 2084 682 2141 autem
706 2083 795 2141 certo
819 2079 913 2141 modo
937 2080 977 2142 dc
1001 2080 1100 2142 caede
1123 2079 1276 2161 loquitur.

337 2181 442 2245 Porro
466 2181 637 2245 Suetonius
662 2181 733 2262 (ΙΙΙ,
758 2179 813 2264 24)
838 2181 1003 2245 Tiberium
1037 2182 1155 2244 dixisse
1189 2187 1301 2244 narrat
1323 2200 1413 2243 sena-

228 2292 315 2348 tores
339 2302 410 2347 esse
434 2283 595 2365 „ignaros
620 2288 741 2366 quanta
761 2283 869 2346 bellua
891 2294 978 2347 esset
999 2286 1187 2368 imperium“
1209 2283 1335 2346 Deinde
1358 2285 1412 2345 im-

226 2387 417 2470 prudentem
440 2385 568 2469 quidem
592 2404 632 2448 ex
655 2405 764 2448 eorum
798 2405 930 2450 numero
954 2387 1165 2450 exclamasse:
1224 2387 1300 2465 ,Aut
1333 2393 1412 2468 agat

226 2495 283 2555 aut
314 2489 476 2553 desistat‘l
538 2486 723 2570 Principem
761 2487 860 2570 igitur
898 2495 1108 2572 conquestum
1142 2507 1224 2568 esse,
1259 2488 1410 2552 miseram

228 2599 261 2657 et
283 2610 453 2657 onerosam
474 2590 601 2672 injungi
622 2589 684 2654 sibi
706 2590 913 2654 servitutem‘.
959 2591 1048 2668 Quae
1082 2592 1190 2655 omnia
1222 2591 1344 2654 frustra
1375 2591 1410 2652 in
1482 2669 1485 2676 Ι

229 2693 345 2760 Tacito
369 2713 515 2777 quaeres.
554 2692 726 2757 Commune
749 2693 788 2756 iis
804 2699 926 2756 tantum
941 2695 1073 2757 verbum
1095 2694 1327 2776 ‚procumbere‘
1352 2700 1409 2756 est.

227 2796 381 2863 Senatum
403 2815 475 2860 osse
497 2796 758 2878 procumbentem
792 2796 884 2859 ambo
919 2796 1077 2860 dixerunt.
1122 2796 1188 2861 Sed
1220 2795 1406 2861 Suetonius:

226 2898 279 2980 ,ad
300 2899 414 2981 genna‘
438 2896 571 2961 addidit.
622 2897 753 2960 Tacitus
788 2898 826 2980 (Ι,
854 2897 905 2979 12)
940 2899 981 2962 ad
1008 2899 1132 2963 infimas
1165 2898 1410 2963 obtestationos.

226 2999 301 3066 Uno
334 3005 440 3064 autem
472 2998 531 3062 tali
563 2999 663 3062 verbo
695 2998 823 3062 minime
857 3001 1076 3082 discrepantia
1118 3001 1175 3065 illa
1208 3007 1409 3084 superantur.

228 3103 348 3168 Parum
369 3102 460 3166 firmo
484 3100 676 3166 adminiculo
699 3100 820 3181 nititur,
845 3104 900 3185 qni
923 3123 963 3166 ex
985 3104 1041 3166 illo
1065 3104 1186 3167 fontem
1207 3121 1406 3167 communem

228 3204 384 3288 colligere
405 3203 485 3267 vult.

337 3305 443 3370 Iltiam
466 3305 530 3368 alia
544 3304 585 3368 de
600 3323 706 3386 causa,
730 3324 813 3388 quac
836 3306 877 3370 ad
893 3314 1036 3371 senatum
1053 3309 1177 3386 attinet,
1202 3308 1303 3372 nostri
1326 3307 1411 3370 inter

228 3428 264 3472 se
286 3408 488 3472 dissentiunt.
534 3405 612 3470 cum
629 3407 713 3470 enim
728 3406 877 3471 Tiberius
892 3409 1124 3491 proposuisset,
1149 3417 1184 3472 ut
1206 3410 1267 3472 sibi
1283 3408 1410 3490 imperii

227 3517 350 3575 tantum
371 3529 448 3594 pars
478 3509 635 3592 quaedam
668 3509 874 3572 mandaretur
897 3510 1037 3588 ,Asinius
1072 3511 1185 3576 Gallus
1220 3513 1249 3574 ei
1284 3509 1409 3573 adulari

227 3619 363 3678 conatus
386 3617 445 3692 est,
470 3611 528 3675 sed
549 3611 630 3674 iram
652 3611 808 3694 principis
831 3611 928 3674 auxit.
972 3612 1023 3675 De
1046 3632 1109 3694 quo
1132 3613 1218 3677 facto
1235 3613 1410 3678 Suetonius

228 3736 293 3780 non
314 3714 403 3799 prius
425 3713 568 3797 loquitur
590 3732 685 3795 quam
707 3720 782 3796 post
796 3719 960 3776 narratam
975 3713 1165 3778 seditionem
1186 3714 1405 3778 Pannonicum

229 3817 301 3902 (ΙΠ,
325 3816 380 3900 25)
403 3817 535 3881 Tacitus
559 3822 665 3879 autem
687 3815 769 3880 huuc
785 3821 915 3880 senatus
938 3816 1022 3879 diem
1046 3815 1153 3879 statim
1175 3822 1251 3898 post
1267 3817 1410 3898 priorem

228 3919 316 3984 illum
340 3919 521 4002 descripsit.
1174 3913 1177 3918 ’

334 4021 427 4099 Quod
460 4040 480 4084 a
513 4019 666 4086 Suetonio
701 4018 772 4102 (ΙΙΙ,
807 4018 862 4101 27)
897 4018 937 4082 de
971 4019 1147 4083 consularis
1175 4020 1338 4102 cujusdam
1374 4021 1408 4083 in

228 4124 393 4189 Tiberium
415 4122 560 4187 adhibita
581 4119 764 4186 adulatione
780 4122 928 4202 traditur,
952 4141 1048 4204 quam
1061 4121 1213 4204 princeps
1229 4122 1274 4184 ita
1290 4121 1405 4202 oderit,

226 4232 324 4290 ut..
349 4274 357 4290 .
382 4274 389 4290 .
413 4274 420 4307 ,
445 4225 523 4290 satis
547 4224 717 4289 facientem
741 4224 802 4287 sibi
831 4244 868 4287 ac
895 4243 955 4306 por
983 4242 1088 4305 genua
1116 4241 1210 4286 orare
1238 4230 1407 4284 conantem

226 4326 272 4390 ita
296 4328 470 4412 suffugerit,
505 4333 540 4390 nt
562 4326 693 4389 caderet
716 4326 867 4408 supinus‘,
903 4343 975 4388 cum
1007 4324 1113 4386 Taciti
1146 4324 1331 4386 narratione
1366 4325 1406 4388 de
