3168 4798
777 334 799 397 6

197 561 364 624 exponam.
409 541 620 606 Doctissimus
646 542 702 605 ille
728 543 778 605 vir
800 563 864 607 nou
887 543 965 606 satis
989 549 1100 624 aperte
1124 543 1229 606 Taciti
1253 523 1378 607 senten-

195 645 273 707 tiam
295 643 336 706 de
358 643 480 726 optima
501 645 698 726 reipublicae
721 646 825 708 forma
859 645 1020 727 explicuit.
1065 645 1138 709 Non
1171 647 1218 708 ita
1251 647 1378 728 quidem

195 747 250 810 illc
273 747 447 829 cogitabat,
471 753 507 810 ut
529 768 588 830 pro
611 748 777 833 republica
799 749 903 812 libera
924 749 1124 812 restituenda
1158 770 1232 832 spes
1266 750 1378 812 inanes

196 849 408 933 concepisset.
453 849 542 926 Quae
565 871 585 912 a
608 850 827 915 Gracchorum
850 852 1049 934 temporibus
1072 872 1172 934 nsque
1196 853 1237 915 ad
1260 853 1379 916 Julium

196 952 366 1016 Caesarem
391 952 585 1032 acciderant,
610 973 765 1035 perversa
788 975 825 1018 ac
847 955 962 1018 insana
985 955 1014 1017 ci
1030 955 1231 1018 ridebantur.
1277 955 1378 1019 Cona-

196 1056 280 1119 tibus
303 1055 366 1119 illis
382 1055 612 1138 rempublicam
627 1056 674 1120 ita
689 1057 849 1121 corruisse
864 1058 1008 1140 putabat,
1033 1064 1068 1121 ut
1084 1059 1282 1141 principatus
1298 1079 1377 1121 unus

196 1158 331 1222 salutem
353 1158 438 1222 forre
453 1166 574 1241 posset.
620 1158 901 1243 Corruptissimam
916 1161 1087 1240 civitatem,
1112 1183 1182 1225 cum
1203 1168 1300 1225 antea
1314 1182 1378 1226 non

195 1281 273 1341 mos,
297 1279 362 1324 non
379 1260 434 1342 jus
458 1262 610 1341 stetisset,
635 1263 760 1326 demum
782 1263 922 1328 Caesare
945 1266 1090 1345 Augusto
1114 1272 1245 1328 auctore
1273 1265 1305 1327 in
1330 1284 1377 1327 se-

196 1364 363 1428 curitatem
379 1364 514 1427 rediisse
540 1365 610 1446 (ΠΙ,
627 1364 694 1444 28).
739 1365 808 1428 Etsi
830 1367 984 1430 nobilium
999 1367 1165 1449 imperium
1181 1388 1240 1450 pro
1257 1369 1377 1450 optimo

195 1467 314 1546 habuit,
349 1473 456 1531 tamen
479 1468 733 1550 antiquissimum
754 1469 843 1532 illum
865 1476 981 1533 statum
1004 1471 1180 1534 rediturum
1203 1491 1274 1534 esse
1302 1492 1378 1544 nnn·

196 1590 290 1651 quam
313 1571 466 1652 speravit.
512 1570 612 1649 Quam
636 1571 769 1636 moleste
792 1573 884 1654 plebs
907 1573 995 1636 illum
1017 1573 1153 1653 tulisset,
1183 1574 1267 1637 haud
1290 1575 1377 1655 igno-

196 1673 299 1737 rabat.
344 1673 450 1736 Etiam
473 1679 639 1736 senatores
657 1674 726 1756 jam
748 1695 814 1738 non
830 1676 968 1758 superbi,
994 1676 1050 1738 scd
1065 1676 1250 1739 libidinibus
1267 1677 1376 1755 dediti,

196 1775 445 1839 dominationem
469 1777 560 1839 unius
582 1777 764 1852 tolerabant
779 1785 812 1841 et
826 1785 861 1841 ut
875 1780 982 1841 faeere
999 1784 1132 1860 possent
1148 1779 1232 1860 quod
1248 1778 1376 1857 vellent,

195 1878 335 1962 principi
370 1879 592 1942 adulabantur.
638 1879 709 1962 (ΙΙΙ,
737 1880 804 1960 65.)
849 1879 936 1943 Nihil
970 1881 1056 1944 aliud
1091 1881 1189 1962 igitur
1220 1881 1378 1962 reliquum

196 1987 267 2044 erat
288 1981 349 2044 nisi
372 1988 427 2044 aut
448 1981 650 2063 popularium
672 1989 797 2065 partem
820 1989 985 2047 autunum
1001 1984 1099 2065 sequi.
1137 1983 1247 2046 Plebis
1271 1991 1377 2046 autem

195 2090 398 2166 potestatem,
423 2103 505 2166 quoe
528 2084 678 2147 facillime
702 2085 897 2168 depravatur
916 2086 949 2149 in
965 2088 1152 2160 effrenatam
1168 2087 1376 2150 multitudinis

194 2186 367 2266 libidinem,
394 2192 505 2250 auctor
527 2187 705 2251 detestatus
721 2194 779 2250 cst.
825 2188 956 2252 Tacitus
978 2189 1077 2270 igitur
1100 2190 1169 2252 sinc
1192 2190 1256 2253 ullo
1280 2190 1376 2253 dubio

196 2290 446 2354 dominationem
467 2290 559 2353 unius
576 2291 739 2356 meliorem
756 2311 827 2354 csse
843 2292 1054 2371 existimabat,
1080 2314 1142 2374 qua
1157 2293 1375 2375 impediretur,

195 2393 361 2474 quominus
385 2393 491 2456 omnia
513 2394 788 2474 perturbarentur.
836 2394 988 2457 Dominos
1012 2415 1031 2457 a
1054 2395 1178 2459 libertis
1207 2416 1244 2459 ae
1273 2397 1375 2459 servis

195 2496 293 2559 motui
316 2516 410 2577 quam
433 2502 574 2558 metuere
598 2495 717 2559 maluit.
762 2497 944 2580 Propterea
971 2498 1149 2580 principem
1182 2499 1214 2561 in
1247 2499 1374 2580 plebem

194 2619 232 2662 ae
255 2617 366 2661 servos
390 2618 502 2662 severe
526 2598 783 2662 animadvertere
807 2606 957 2682 oportere
980 2601 1156 2664 videbatur.
1200 2601 1315 2683 Populi
1339 2601 1374 2664 li-

193 2702 352 2765 bertatem
374 2700 482 2784 paullo
505 2701 679 2764 coercitam
702 2721 773 2766 esse
796 2723 860 2766 non
883 2703 1023 2782 dolebat,
1058 2704 1085 2765 si
1113 2703 1314 2766 senatoribus
1343 2712 1376 2767 ot

194 2803 353 2884 equitibus
375 2803 504 2865 vivendi
523 2824 583 2885 pro
600 2805 764 2868 voluntate
780 2806 916 2869 facultas
932 2806 1077 2868 dabatur.
1116 2805 1253 2869 Maxime
1270 2814 1375 2870 autem

193 2907 225 2968 in
248 2906 309 2970 hac
331 2925 367 2968 re
389 2906 502 2968 mirum
525 2912 583 2986 est,
608 2909 693 2988 quod
715 2909 810 2971 homo
834 2909 909 2972 noni
933 2909 973 2971 ab
996 2909 1074 2970 urbe
1098 2909 1228 2972 condita
1256 2910 1376 2973 saeculi

193 3009 347 3071 malorum
371 3008 536 3071 exordium
558 3029 578 3072 a
600 3005 790 3074 decemviris
813 3012 974 3094 inceptum
998 3030 1068 3073 esse
1091 3011 1178 3074 dicit.
1214 3012 1285 3094 (Ill,
1309 3011 1374 3093 27.)
1399 3053 1403 3060 ·

192 3110 261 3175 Nec
283 3110 364 3174 levis
387 3112 539 3174 momenti
561 3113 634 3176 talis
659 3114 820 3176 sententia
843 3120 901 3194 est,
930 3115 957 3177 si
980 3115 1050 3196 quis
1073 3114 1196 3177 Tiberii
1219 3115 1373 3196 principis

192 3213 359 3296 imperium
382 3220 415 3276 et
436 3233 541 3278 mores
564 3215 741 3296 dijudicare
764 3217 841 3280 vult.
886 3217 968 3280 Nam
990 3237 1054 3279 non
1076 3217 1122 3280 ita
1143 3217 1308 3298 cogitabat
1323 3217 1375 3279 Ti-

192 3315 309 3395 berius,
339 3316 397 3379 sed
419 3337 522 3398 paene
546 3323 659 3381 eontra
681 3326 782 3382 totam
804 3320 892 3383 illam
915 3320 1098 3402 opinionem
1121 3319 1172 3382 vol
1203 3319 1373 3382 desideria.

191 3417 283 3482 Licet
315 3419 450 3483 maxime
485 3420 616 3484 Tacitus
651 3423 833 3502 studuisset,
868 3443 909 3484 ne
942 3423 1111 3485 veritatem
1144 3429 1373 3503 corrumperet,

192 3527 298 3584 tamen
320 3541 385 3584 non
409 3522 477 3585 sinc
501 3523 550 3585 ira
572 3523 612 3585 dc
636 3524 823 3588 adversario
841 3525 1009 3606 judicarit.
1056 3524 1185 3587 Minime
1201 3524 1250 3587 his
1266 3525 1373 3587 verbis

192 3622 300 3687 dicere
323 3624 396 3687 volo
420 3623 507 3688 facta
529 3625 679 3689 aTacito
703 3627 783 3689 false
806 3626 969 3708 descripta
985 3646 1069 3708 csso;
1095 3627 1150 3690 sed
1168 3627 1253 3708 quod
1268 3627 1373 3690 fontes

191 3726 316 3806 attinet,
341 3746 420 3808 quos
444 3733 570 3791 secutus
594 3733 644 3791 est
666 3735 699 3791 et
721 3729 806 3810 quod
829 3729 870 3791 ad
893 3749 1005 3792 causas
1027 3735 1160 3810 spectat,
1185 3749 1263 3810 quas
1280 3729 1373 3792 factis

191 3829 364 3895 aTiberio
389 3830 566 3913 supposuit,
602 3831 660 3893 tali
687 3830 812 3912 judicio
843 3837 955 3895 auctor
981 3831 1160 3914 prohibitus
1184 3839 1263 3912 orat,
1299 3853 1373 3913 quo-

191 3933 292 3996 minus
315 3933 420 3996 neutri
443 3933 576 3997 faveret.
622 3933 722 3996 Plura
744 3934 784 3996 dc
808 3935 867 3998 hac
890 3954 925 3996 re
955 3934 1047 4013 inlra,
1082 3935 1136 3997 ubi
1162 3935 1202 3998 de
1232 3935 1373 3998 sontibus

191 4043 313 4119 agetur,
338 4036 474 4100 dicenda
498 4042 600 4100 erunt,
646 4036 740 4100 Talia
762 4043 868 4100 autem
891 4037 959 4100 iere
994 4037 1138 4100 omnibus
1173 4038 1372 4118 antiquitatis

190 4139 401 4222 scriptoribus
435 4138 533 4221 objici
566 4145 711 4222 possunt.
756 4139 822 4204 Sed
845 4160 883 4205 co
906 4139 1015 4223 plures
1039 4140 1173 4203 virtutes
1201 4140 1235 4203 in
1258 4140 1372 4203 Tacito

190 4241 259 4306 solo
282 4241 366 4306 inter
388 4240 605 4305 Romanorum
627 4242 797 4306 historicos
820 4243 1034 4324 reperiuntur.
1080 4243 1233 4308 Sallustio
1257 4242 1371 4324 Crispo

190 4350 324 4426 excepto
348 4343 483 4407 maxime
505 4345 591 4408 inter
614 4346 694 4409 alios
724 4345 862 4426 excellit,
901 4346 976 4427 quia
1008 4345 1206 4429 reipublicae
1240 4346 1371 4408 admini-
