3168 4798
759 361 850 442 55'

189 587 320 650 Tacitus
349 585 419 671 (IV,
450 582 504 666 53)
540 584 721 666 adscripsit.
776 585 889 648 Denuo
924 584 1107 647 recentibus
1141 585 1223 647 odiis
1258 592 1371 649 eontra

192 689 355 752 Tiberium
379 688 528 751 commoti
551 693 700 750 auctores
730 707 830 770 opera
858 707 914 750 sua
944 695 1199 770 composuerunt.
1249 687 1370 751 Princi-

189 797 284 873 patus
307 791 353 853 ita
375 791 466 853 firmo
490 790 695 852 fundamento
720 791 911 853 constitutus
936 797 1015 870 erat,
1040 795 1074 852 ut
1095 791 1174 852 nihil
1189 791 1371 874 interesset,

189 903 293 956 utrum
320 893 495 957 succedens
528 892 736 974 praecedenti
765 893 964 955 calumiando
997 893 1232 980 conviciaretur
1258 912 1369 956 necne.

189 999 234 1058 At
257 1015 320 1076 quo
344 996 438 1058 modo
456 1002 530 1057 ante
547 995 672 1058 Claudii
687 995 815 1077 nuptias
839 1016 908 1058 cum
924 996 1105 1078 Agrippina
1125 997 1276 1078 seriptum
1300 998 1371 1060 est?

189 1099 344 1180 Princeps
369 1097 570 1160 doctissimus
595 1096 830 1161 cOlaudiorum
855 1106 950 1179 gente
974 1105 1066 1161 natus
1090 1104 1123 1161 01
1146 1099 1269 1180 aGajo
1292 1099 1370 1161 ludi-

189 1202 260 1263 brio
283 1200 410 1263 habitus
433 1221 498 1262 non
526 1220 566 1263 ex
601 1220 635 1262 sc
657 1201 728 1282 ipso
751 1200 833 1262 male
865 1200 904 1262 de
928 1201 1059 1263 Tiberio
1077 1201 1255 1282 judicabat.
1301 1201 1370 1278 Quo

189 1309 345 1385 regnante
369 1323 539 1383 ,nunquam
562 1309 616 1366 ant
639 1303 778 1365 officium
792 1303 952 1365 hominum
970 1309 1024 1365 aut
1039 1304 1224 1377 reverentia
1240 1304 1369 1385 publice

190 1407 300 1469 deluit‘
325 1405 378 1488 (V,
403 1405 540 1484 osaea)
563 1406 603 1467 01.
641 1406 716 1486 lpse
738 1404 846 1486 igitur,
872 1405 1002 1468 'liberio
1026 1425 1238 1468 marmoreum
1261 1426 1367 1468 arcum

184 1510 279 1590 juxta
300 1509 435 1590 Pompei
457 1509 616 1570 theatrum
638 1508 786 1589 peregit‘.
833 1509 886 1589 (V,
913 1507 976 1588 11.)
1023 1507 1121 1584 Quam
1153 1510 1193 1571 ob
1216 1529 1283 1571 rem
1306 1528 1371 1570 non

190 1631 209 1673 a
231 1612 301 1674 veri
328 1611 534 1674 similitudine
558 1610 711 1672 abhorret
734 1617 797 1671 tum
822 1616 969 1673 auctores
992 1611 1124 1674 nonita
1151 1612 1183 1673 in
1207 1611 1370 1673 Tiberium

189 1716 334 1777 invectos
359 1732 439 1792 esse,
466 1713 528 1775 sed
557 1712 658 1794 magis
687 1731 788 1792 aeque
817 1720 850 1774 et
870 1712 958 1792 juste
981 1713 1190 1792 judicavisse.
1240 1714 1370 1777 Minimo

190 1823 295 1879 autem
318 1824 385 1878 tum
411 1815 460 1888 ‚ob
484 1816 611 1877 metum‘
646 1814 687 1876 ad
710 1816 943 1897 corrumpenda
977 1816 1063 1900 facta
1091 1817 1239 1898 perducti
1268 1822 1369 1879 crant.

189 1920 293 2000 Hujus
316 1917 471 1998 temporis
489 1917 646 1998 judicium
680 1918 711 1979 in
740 1917 883 1980 Suetonii
912 1918 1015 2000 prima
1049 1927 1142 2000 parte
1178 1928 1209 1982 et
1235 1919 1369 1982 Dioneis

189 2023 281 2100 loeis,
306 2020 360 2102 qui
382 2019 430 2080 illi
453 2019 658 2100 respondent,
684 2039 755 2082 esse
779 2021 871 2082 nobis
888 2027 1110 2083 conservatum
1127 2021 1262 2084 videtur.
1308 2021 1369 2083 De-

190 2125 264 2187 inde
288 2130 393 2186 autem
416 2122 670 2202 redintegratum
693 2129 743 2184 est
766 2123 871 2184 odium
888 2123 1069 2205 Agrippina
1091 2130 1257 2205 regnante.
1303 2123 1369 2185 Hu-

184 2227 239 2307 jus
257 2225 413 2307 judicium
446 2224 478 2286 in
508 2224 623 2286 Tacito
658 2230 699 2304 et,
733 2226 787 2286 ubi
815 2225 943 2288 Cassius
971 2227 1156 2307 respondet,
1191 2226 1385 2306 conjiciam..

189 2329 237 2392 Eo
259 2328 361 2409 magis
384 2327 444 2389 hoc
468 2326 594 2408 opinari
616 2326 700 2406 lieet,
726 2327 800 2406 quia
814 2327 973 2389 Aufidium
990 2329 1124 2391 Bassum
1146 2329 1202 2391 illo
1224 2336 1384 2410 temporo·

193 2431 312 2492 vixisse
324 2429 511 2510 Nipperdey
526 2428 682 2509 exposuit.
700 2429 749 2510 (ln
763 2429 951 2492 MusRhon.
964 2429 1071 2510 XVII,
1084 2450 1158 2512 pag.
1172 2430 1354 2512 438-442)
1362 2453 1369 2512 ;

195 2533 372 2616 (Lehmann
393 2531 414 2592 l.
439 2549 562 2611 apag.
589 2529 673 2611 151.)

297 2633 503 2696 Traditiones
526 2630 624 2712 igitur
647 2640 775 2697 secutae
800 2639 872 2695 sunt
895 2634 962 2696 fere
985 2635 1046 2698 hoe
1061 2636 1170 2698 modo:
1208 2635 1370 2716 ‚Florentc

191 2737 333 2800 Tiberio‘
357 2755 409 2798 res
426 2734 507 2797 falso
524 2735 720 2816 compositae
738 2743 818 2816 sunt,
843 2742 1013 2819 postquam
1036 2738 1163 2816 oceidit,
1187 2738 1369 2801 recentibus

191 2840 282 2902 odiis.
317 2837 443 2901 Deinde
466 2836 580 2917 aliquis
615 2837 683 2900 sine
717 2838 767 2900 ira
800 2846 832 2906 et
855 2840 959 2902 studio
995 2841 1136 2903 scribere
1160 2847 1292 2904 conatus
1321 2848 1371 2903 est

190 2943 327 3004 fortasse
343 2959 417 3014 usus
433 2939 514 3002 actis
525 2939 671 3020 publicis.
698 2941 779 3003 Tum
795 2942 900 3003 denuo
916 2928 1022 3005 odium
1038 2943 1144 3024 erupit
1157 2943 1191 3005 in
1207 2943 1371 3006 Tiberium

192 3050 224 3107 et
246 3043 332 3107 vicit.
363 3041 445 3104 Nam
468 3041 536 3108 fero
552 3061 662 3116 omnes
685 3044 853 3124 graviores
874 3045 1074 3125 antiquitatis
1098 3045 1273 3126 scriptores
1297 3064 1370 3108 ean-

191 3148 263 3209 dem
286 3144 476 3208 sententiam
499 3145 539 3207 dc
563 3145 695 3207 Tiberio
718 3146 867 3226 tulerunt,
894 3167 988 3230 quam
1004 3148 1145 3228 Tacitus,
1171 3149 1224 3229 qui
1239 3148 1369 3211 Juliano

188 3249 311 3330 judicio
333 3247 534 3330 Agrippinae
557 3247 646 3310 favit.

300 3349 392 3426 Quod
416 3348 645 3428 contendimus,
669 3368 732 3411 non
761 3351 843 3412 adeo
872 3351 1007 3432 simplex
1041 3359 1073 3416 01
1100 3344 1270 3416 dilucidum
1310 3359 1368 3434 est,

190 3463 225 3517 ut
248 3455 316 3517 sine
339 3453 404 3515 ullo
429 3451 524 3513 dubio
548 3452 598 3514 sit.
644 3452 708 3516 Sed
735 3454 911 3534 respondet
938 3454 1061 3546 jpdicio
1095 3456 1150 3534 illi,
1187 3457 1272 3539 quod
1300 3457 1370 3536 jam

191 3557 247 3619 Dr.
272 3557 428 3621 Wilmans
453 3559 521 3621 sine
544 3559 594 3620 ira
621 3563 654 3618 01
687 3556 792 3618 studio
827 3556 866 3617 de
890 3556 1001 3618 Cassio
1025 3557 1128 3620 Dione
1155 3560 1238 3622 tulit.
1282 3558 1371 3622 Nihil

191 3657 351 3723 sententia
373 3666 484 3723 nostra
506 3659 650 3725 Suetonii
673 3658 794 3721 meritis
819 3649 1023 3738 detrahimus,
1047 3660 1104 3722 sed
1127 3657 1227 3741 genus
1250 3661 1369 3724 abillo

193 3762 366 3824 adhibitum
389 3763 550 3826 historicis
574 3762 734 3844 prodesse
761 3759 900 3823 libenter
927 3761 1122 3825 confitemur.
1172 3763 1240 3826 Nec
1266 3764 1369 3826 minus

191 3865 377 3944 eonjeetma
399 3871 510 3928 nostra
533 3864 709 3945 respondet
730 3863 871 3925 virorum
894 3864 1149 3928 doctissimorum
1170 3865 1370 3928 Mommsenii

192 3972 224 4027 et
245 3966 385 4029 Nissenii
402 3967 679 4030 dissertationibus
703 3965 742 4052 de
755 3965 895 4029 Taciteis
910 3967 1063 4030 historiis.
1093 3967 1166 4030 Non
1183 3968 1368 4030 debilitatur

191 4068 296 4149 gloria
317 4069 479 4133 rhetorica
503 4069 617 4149 Taciti,
642 4069 669 4130 si
692 4068 878 4131 historicum
901 4087 1027 4132 errasse
1051 4069 1238 4152 explicatur.

703 4253 856 4267 delvvw
