3148 4802
713 364 867 465 ..L

198 572 389 655 intellegere
412 592 588 656 possumne,
623 578 659 636 nt
680 594 745 637 non
766 573 927 655 jacturam
960 572 1048 638 illam
1083 573 1164 636 adeo
1188 574 1298 637 dolere
1322 595 1381 638 nos

200 680 359 759 oporteat.
404 675 477 739 Non
501 696 590 739 suum
613 695 685 740 esse
708 677 843 759 putabat
863 676 1030 750 historiam
1058 677 1200 741 seribere
1230 678 1272 740 ad
1300 678 1381 741 alies

200 778 393 843 edocendos.
417 779 475 842 sed
497 779 546 841 illi
568 779 617 843 rei
639 799 771 862 operam
799 779 897 860 dedit,
932 786 967 842 ut
996 801 1030 843 se
1058 800 1209 862 suamque
1243 785 1382 843 aetatem

200 882 252 945 vel
280 881 432 964 aequales
466 881 585 946 amicos
619 902 693 945 suos
727 882 859 946 laudare
893 889 1013 965 posset,
1051 883 1140 947 velut
1172 882 1208 945 L.
1231 883 1381 946 Pisonem

200 985 255 1068 (Il,
272 985 338 1069 98),
361 984 488 1047 Aelium
502 984 655 1064 Lamiam,
679 984 715 1048 L.
731 985 909 1068 Apronium
933 984 987 1068 (II,
1008 983 1091 1066 116),
1115 985 1150 1048 L.
1168 987 1382 1068 Asprenatem

200 1086 255 1170 (II,
282 1086 366 1168 120).
411 1088 497 1151 Ante
521 1087 627 1153 omnia
650 1092 756 1151 autem
777 1088 811 1150 id
827 1088 950 1170 petivit,
974 1095 1009 1152 ut
1025 1089 1189 1152 Tiberium
1204 1089 1383 1172 prinoipem

201 1196 233 1253 et
255 1189 405 1271 sejanum
433 1226 476 1235 —
509 1190 567 1252 hes
589 1210 649 1272 pro
673 1189 873 1254 amicissimis
898 1197 931 1254 ct
952 1191 1020 1254 fere
1045 1191 1157 1254 eedem
1181 1192 1306 1255 homine
1330 1193 1381 1255 ha·

199 1293 268 1356 buit
284 1330 323 1338 -
339 1292 486 1355 laudibus
502 1294 643 1356 offerret.
688 1292 781 1369 Quod
804 1292 971 1357 consilium
994 1294 1072 1357 satis
1094 1300 1168 1376 apte
1186 1301 1218 1357 ct
1233 1294 1383 1358 sollerter

199 1394 377 1459 institutum
415 1415 487 1459 esse
521 1415 614 1459 nemo
648 1397 782 1478 negabit
814 1396 879 1459 nisi
912 1396 1162 1479 praejudicatus.
1208 1397 1382 1480 Eleganter

200 1498 284 1562 enim
307 1504 419 1563 auctor
441 1498 519 1562 illud
536 1499 746 1562 adumbravit,
792 1499 915 1578 Omnia,
941 1519 1022 1582 quae
1045 1518 1144 1581 usque
1162 1501 1202 1562 ad
1219 1501 1383 1563 Tiberium

199 1601 389 1682 factasunt,
414 1608 537 1666 tantum
559 1621 630 1665 eam
652 1603 693 1665 ob
716 1622 844 1666 causam
867 1603 954 1667 facta
977 1624 1047 1667 esse
1071 1603 1228 1683 videntur,
1263 1610 1296 1667 ut
1330 1624 1382 1667 res

200 1704 374 1768 aTiberio
397 1711 509 1788 gestae
538 1726 690 1768 summum
719 1705 940 1788 adipiscantur
973 1707 1136 1789 fastigium
1170 1727 1382 1788 summamque

200 1815 437 1890 consequantur
459 1809 605 1890 gloriam.
650 1807 754 1871 Roma
775 1809 903 1871 videtur
936 1810 969 1872 in
1004 1810 1135 1873 Tiberio
1170 1808 1316 1872 absoluta
1351 1819 1384 1873 et

201 1910 356 1993 perlecta.
402 1912 491 1988 Quae
515 1917 589 1974 aute
613 1931 684 1974 eum
707 1910 842 1990 fuerunt,
877 1932 942 1974 non
975 1913 1119 1994 intellegi
1153 1919 1290 1994 possunt
1321 1913 1384 1975 nisi

201 2033 241 2076 ex
264 2013 408 2095 Tiberio,
432 2015 465 2078 in
489 2035 583 2097 quem
605 2014 712 2077 omnia
735 2014 882 2093 eradunt,
907 2036 969 2096 quo
993 2015 1100 2078 omnia
1121 2015 1266 2078 redeunt.
1312 2016 1383 2078 Hac

200 2117 268 2180 fere
291 2122 396 2181 mente
412 2117 559 2200 Vellcjus
582 2137 662 2200 opus
686 2137 776 2180 suum
799 2119 986 2200 composuit.
1032 2118 1096 2182 Sed
1120 2137 1161 2181 ne
1178 2139 1239 2181 uno
1256 2119 1383 2199 quidem

199 2220 299 2283 verbo
321 2219 523 2302 propositum
545 2220 605 2283 hoc
629 2239 687 2284 nos
703 2219 799 2302 plane
817 2220 921 2284 docet.
960 2219 1105 2284 Perscite
1122 2227 1228 2284 autem
1245 2222 1383 2303 scriptor

200 2322 451 2405 significationes
481 2323 513 2386 in
536 2323 700 2386 Tiberium
728 2323 798 2405 jam
830 2322 972 2404 priorum
999 2329 1178 2406 temporum
1205 2325 1382 2388 narrationi

199 2424 345 2509 intexuit,
367 2425 667 2506 101011138-39.
712 2426 915 2490 llanifestius
939 2427 1066 2508 quidem
1089 2435 1200 2491 auctor
1217 2427 1383 2491 consilium

200 2546 290 2590 sunm
312 2529 455 2592 reddidit
476 2529 508 2592 in
531 2530 572 2609 ll,
598 2529 648 2593 75.
692 2529 852 2593 Narratur
875 2530 958 2594 enim
981 2531 1041 2594 hec
1064 2531 1136 2595 loco
1151 2530 1268 2594 bellum
1285 2531 1382 2593 Peru-

93 2705 97 2711 ,
200 2628 312 2694 sinum.
358 2631 439 2695 Tum
469 2631 618 2695 Tiberius
646 2631 796 2696 Claudius
824 2613 922 2714 Nero,
956 2633 1112 2716 principis
1145 2641 1248 2717 pater,
1283 2637 1381 2697 Anto·

200 2731 312 2797 niauas
335 2741 453 2816 partes.
470 2741 596 2800 secutus
621 2741 700 2800 erat,
745 2736 881 2800 Devieto
910 2737 1008 2819 igitur
1041 2737 1077 2800 L.
1100 2737 1243 2801 Antonio
1271 2737 1382 2819 fugere

200 2844 330 2903 coactus
354 2844 412 2901 est.
457 2837 567 2921 Fugae
590 2838 723 2902 comites
746 2859 826 2902 uxor
848 2839 1028 2920 filiolusque
1053 2847 1154 2902 erant.
1200 2839 1382 2916 1100111101-

195 2940 281 3023 'lejus
305 2941 344 3004 de
367 2941 427 3004 hac
449 2961 485 3004 re
508 2948 628 3022 narrat,
663 2962 728 3006 non
750 2941 902 3024 gravitati
926 2942 1074 3005 Perusini
1098 2943 1174 3005 belli
1196 2943 1381 3026 respondet.

201 3044 265 3110 Sed
292 3043 454 3108 sententia
477 3044 516 3107 de
539 3063 646 3108 rerum
676 3045 923 3110 commutatione
950 3045 1143 3128 interposita
1177 3053 1289 3110 auctor
1322 3047 1381 3108 hoe

201 3166 326 3229 queque
348 3146 420 3210 loce
445 3152 614 3210 excusatus
637 3146 773 3211 videtur.
819 3149 957 3221 Tantum
989 3148 1022 3210 in
1055 3149 1118 3212 fine
1153 3147 1297 3230 opusculi
1335 3148 1384 3211 sui

200 3248 347 3330 Vellejus
370 3248 561 3331 prudentiae
577 3248 695 3332 prioris
711 3250 876 3314 immemor
892 3251 1107 3315 adulationem
1124 3251 1276 3330 adhibuit,
1302 3271 1382 3332 quae

200 3353 296 3434 plane
320 3351 483 3433 elegantia
505 3359 604 3416 caret.
648 3352 845 3416 Illiberalem
868 3359 902 3417 et
923 3354 992 3416 fere
1008 3353 1172 3416 sordidam
1189 3373 1259 3416 eom
1275 3354 1382 3418 dicere

200 3454 316 3537 possis.
365 3452 434 3530 Quo
469 3455 564 3519 modo
599 3462 706 3518 autem
738 3455 924 3520 facultatem
956 3456 1108 3518 laudandi
1143 3457 1278 3538 adeptus
1313 3459 1383 3522 est‘?

201 3556 402 3640 Comparatis
426 3556 496 3620 aliis
521 3557 731 3640 scriptoribus
754 3559 834 3621 haec
857 3558 965 3622 dicere
995 3579 1170 3640 pessumus.
1216 3560 1262 3623 Ut
1287 3580 1383 3641 pane·

200 3659 344 3742 gyricum
366 3679 456 3722 suum
478 3661 620 3724 scribere
648 3665 769 3743 posset,
805 3679 1045 3742 supervacanea
1072 3668 1167 3742 atque
1195 3660 1280 3725 levia
1313 3683 1383 3725 nar-

201 3761 285 3827 ravit
308 3761 410 3846 (velut
431 3763 473 3842 II,
499 3762 619 3844 75;11,
646 3763 786 3844 103311,
813 3762 897 3843 107).
942 3763 1010 3827 Nec
1038 3764 1139 3826 minus
1167 3765 1275 3828 verbis
1299 3766 1385 3829 facta

113 3947 117 3954 ν
201 3864 324 3929 Tiberii
347 3866 494 3948 augebat,
519 3871 554 3928 ut
575 3866 728 3949 graviora
749 3865 944 3929 viderentur.
992 3866 1046 3948 (Il,
1063 3865 1119 3946 943
1144 3866 1198 3947 973
1223 3867 1281 3949 993
1311 3870 1383 3950 1033

204 3968 279 4051 104;
306 3968 380 4050 1243
409 3966 492 4050 129.)
537 3970 582 4032 At
603 3989 668 4031 non
691 3969 793 4033 solum
808 3969 977 4032 nonnullas
994 3988 1046 4031 res
1062 3969 1095 4030 in
1110 3969 1212 4051 majus
1228 3972 1384 4035 extollere

203 4090 297 4135 ausus
320 4078 379 4152 est,
414 4070 472 4134 sed
495 4071 592 4135 etiam
614 4071 748 4135 consilio
776 4072 872 4152 faeta,
908 4072 1021 4153 quibus
1049 4072 1221 4137 memoriae
1256 4075 1384 4138 traditis

201 4174 272 4237 fieri
293 4175 408 4256 potuit,
430 4181 466 4238 ut
488 4175 638 4257 princeps
661 4174 716 4239 ille
739 4175 822 4239 male
838 4175 973 4255 audiret,
997 4176 1126 4241 silentio
1142 4178 1231 4240 texit.
1268 4177 1385 4259 Agrip-

202 4275 311 4357 pinam
348 4276 548 4358 Vipsanium,
592 4297 686 4358 quam
723 4277 857 4359 primam
881 4278 1044 4342 Tiberius
1081 4279 1115 4343 in
1151 4279 1386 4342 matrimonium

205 4377 349 4458 duxerat,
384 4397 450 4442 non
472 4379 670 4460 memoravit,
706 4379 780 4461 quia
802 4386 917 4461 postea
944 4381 1072 4444 narrari
1106 4381 1280 4463 oportebat
1314 4399 1385 4442 eum
