<?xml version="1.0" encoding="UTF-8"?>
<!DOCTYPE html PUBLIC "-//W3C//DTD XHTML 1.0 Transitional//EN"
    "http://www.w3.org/TR/xhtml1/DTD/xhtml1-transitional.dtd">
<html xmlns="http://www.w3.org/1999/xhtml" xml:lang="en" lang="en">
 <head>
  <title>
</title>
<meta http-equiv="Content-Type" content="text/html;charset=utf-8" />
  <meta name='ocr-system' content='tesseract 3.04.00' />
  <meta name='ocr-capabilities' content='ocr_page ocr_carea ocr_par ocr_line ocrx_word'/>
</head>
<body>
  <div class='ocr_page' id='page_1' title='image "./defontibusadtib00thamgoog_0025.png"; bbox 0 0 3148 4802; ppageno 0'>
   <div class='ocr_carea' id='block_1_1' title="bbox 718 341 873 444">
    <p class='ocr_par' dir='ltr' id='par_1_1' title="bbox 718 341 873 444">
     <span class='ocr_line' id='line_1_1' title="bbox 718 341 873 444; baseline 0 -38"><span class='ocrx_word' id='word_1_1' title='bbox 718 341 873 444; x_wconf 38' lang='grc' dir='ltr'><strong>Α</strong></span> 
     </span>
    </p>
   </div>
   <div class='ocr_carea' id='block_1_2' title="bbox 307 545 1497 632">
    <p class='ocr_par' dir='ltr' id='par_1_2' title="bbox 307 545 1497 632">
     <span class='ocr_line' id='line_1_2' title="bbox 307 545 1497 632; baseline -0.001 -21"><span class='ocrx_word' id='word_1_2' title='bbox 307 545 477 611; x_wconf 86' lang='lat' dir='ltr'><strong>Simillima</strong></span> <span class='ocrx_word' id='word_1_3' title='bbox 498 553 549 612; x_wconf 88' lang='lat' dir='ltr'><strong>est</strong></span> <span class='ocrx_word' id='word_1_4' title='bbox 570 547 735 610; x_wconf 88' lang='lat' dir='ltr'><strong>amborum</strong></span> <span class='ocrx_word' id='word_1_5' title='bbox 757 547 933 632; x_wconf 78' lang='lat' dir='ltr'><strong>descriptio</strong></span> <span class='ocrx_word' id='word_1_6' title='bbox 965 565 1026 612; x_wconf 89' lang='lat' dir='ltr'><strong>uec</strong></span> <span class='ocrx_word' id='word_1_7' title='bbox 1058 567 1122 610; x_wconf 88' lang='lat' dir='ltr'><strong>uno</strong></span> <span class='ocrx_word' id='word_1_8' title='bbox 1156 547 1284 630; x_wconf 88' lang='lat' dir='ltr'><strong>quidem</strong></span> <span class='ocrx_word' id='word_1_9' title='bbox 1312 547 1384 610; x_wconf 88' lang='lat' dir='ltr'><strong>loco</strong></span> <span class='ocrx_word' id='word_1_10' title='bbox 1491 623 1497 630; x_wconf 27' lang='lat'>¹</span> 
     </span>
    </p>
   </div>
   <div class='ocr_carea' id='block_1_3' title="bbox 198 649 669 714">
    <p class='ocr_par' dir='ltr' id='par_1_3' title="bbox 198 649 669 714">
     <span class='ocr_line' id='line_1_3' title="bbox 198 649 669 714; baseline 0.002 -3"><span class='ocrx_word' id='word_1_11' title='bbox 198 655 350 714; x_wconf 78' lang='lat' dir='ltr'><strong>auctores</strong></span> <span class='ocrx_word' id='word_1_12' title='bbox 372 649 458 712; x_wconf 87' lang='lat' dir='ltr'><strong>inter</strong></span> <span class='ocrx_word' id='word_1_13' title='bbox 480 668 516 712; x_wconf 90' lang='lat' dir='ltr'><strong>se</strong></span> <span class='ocrx_word' id='word_1_14' title='bbox 538 649 669 714; x_wconf 81' lang='lat' dir='ltr'><strong>distant.</strong></span> 
     </span>
    </p>
   </div>
   <div class='ocr_carea' id='block_1_4' title="bbox 193 765 1387 2368">
    <p class='ocr_par' dir='ltr' id='par_1_4' title="bbox 193 765 1387 2368">
     <span class='ocr_line' id='line_1_4' title="bbox 197 765 1385 852; baseline -0.003 -21"><span class='ocrx_word' id='word_1_15' title='bbox 197 769 257 848; x_wconf 88' lang='lat' dir='ltr'><strong>lv,</strong></span> <span class='ocrx_word' id='word_1_16' title='bbox 292 767 335 832; x_wconf 82' lang='lat'><strong>34</strong></span> <span class='ocrx_word' id='word_1_17' title='bbox 367 767 584 831; x_wconf 80' lang='lat' dir='ltr'><strong>Cremutius</strong></span> <span class='ocrx_word' id='word_1_18' title='bbox 617 768 767 832; x_wconf 80' lang='lat' dir='ltr'><strong>Gordus</strong></span> <span class='ocrx_word' id='word_1_19' title='bbox 821 769 897 843; x_wconf 86' lang='lat' dir='ltr'><strong>Vll,</strong></span> <span class='ocrx_word' id='word_1_20' title='bbox 919 769 962 832; x_wconf 76' lang='grc'><strong>24</strong></span> <span class='ocrx_word' id='word_1_21' title='bbox 995 768 1232 852; x_wconf 77' lang='grc' dir='ltr'><strong><em>Κρεμούιιος</em></strong></span> <span class='ocrx_word' id='word_1_22' title='bbox 1265 766 1306 829; x_wconf 77' lang='grc' dir='ltr'><strong>δὲ</strong></span> <span class='ocrx_word' id='word_1_23' title='bbox 1342 765 1385 850; x_wconf 72' lang='grc' dir='ltr'><strong>δὴ</strong></span> 
     </span>
     <span class='ocr_line' id='line_1_5' title="bbox 197 865 1386 956; baseline -0.004 -18"><span class='ocrx_word' id='word_1_24' title='bbox 197 871 435 956; x_wconf 79' lang='lat' dir='ltr'><strong>postulatur,</strong></span> <span class='ocrx_word' id='word_1_25' title='bbox 481 891 566 935; x_wconf 84' lang='lat' dir='ltr'><strong>novo</strong></span> <span class='ocrx_word' id='word_1_26' title='bbox 611 889 650 934; x_wconf 88' lang='lat' dir='ltr'><strong>ac</strong></span> <span class='ocrx_word' id='word_1_27' title='bbox 691 879 770 934; x_wconf 86' lang='lat' dir='ltr'><strong>tunc</strong></span> <span class='ocrx_word' id='word_1_28' title='bbox 820 865 1386 955; x_wconf 67' lang='grc' dir='ltr'><strong>Κόρδος...κριθῆναι,ὅειτὸν</strong></span> 
     </span>
     <span class='ocr_line' id='line_1_6' title="bbox 200 970 1385 1058; baseline -0.005 -18"><span class='ocrx_word' id='word_1_29' title='bbox 200 976 339 1058; x_wconf 86' lang='lat' dir='ltr'><strong>primum</strong></span> <span class='ocrx_word' id='word_1_30' title='bbox 372 973 482 1037; x_wconf 83' lang='lat' dir='ltr'><strong>audito</strong></span> <span class='ocrx_word' id='word_1_31' title='bbox 515 974 659 1054; x_wconf 85' lang='lat' dir='ltr'><strong>erimine,</strong></span> <span class='ocrx_word' id='word_1_32' title='bbox 820 997 860 1037; x_wconf 82' lang='grc' dir='ltr'><strong>τε</strong></span> <span class='ocrx_word' id='word_1_33' title='bbox 883 972 1059 1037; x_wconf 81' lang='grc' dir='ltr'><em>Κάσσιον</em></span> <span class='ocrx_word' id='word_1_34' title='bbox 1086 975 1151 1036; x_wconf 73' lang='grc' dir='ltr'><strong>καὶ</strong></span> <span class='ocrx_word' id='word_1_35' title='bbox 1178 971 1244 1035; x_wconf 82' lang='grc' dir='ltr'><strong>τὸν</strong></span> <span class='ocrx_word' id='word_1_36' title='bbox 1264 970 1385 1053; x_wconf 79' lang='grc' dir='ltr'><strong><em>Βρού-</em></strong></span> 
     </span>
     <span class='ocr_line' id='line_1_7' title="bbox 198 1071 1384 1162; baseline -0.005 -21"><span class='ocrx_word' id='word_1_37' title='bbox 198 1078 296 1141; x_wconf 86' lang='lat' dir='ltr'><strong>editis</strong></span> <span class='ocrx_word' id='word_1_38' title='bbox 323 1075 492 1140; x_wconf 80' lang='lat' dir='ltr'><strong>annalibus</strong></span> <span class='ocrx_word' id='word_1_39' title='bbox 524 1075 768 1159; x_wconf 83' lang='lat' dir='ltr'><strong>laudatoque</strong></span> <span class='ocrx_word' id='word_1_40' title='bbox 820 1099 887 1138; x_wconf 77' lang='grc' dir='ltr'><strong>νον</strong></span> <span class='ocrx_word' id='word_1_41' title='bbox 909 1072 1137 1162; x_wconf 64' lang='grc' dir='ltr'><em>ἐπῄνεσε...</em></span> <span class='ocrx_word' id='word_1_42' title='bbox 1161 1071 1211 1138; x_wconf 71' lang='grc' dir='ltr'><strong>ὅτι</strong></span> <span class='ocrx_word' id='word_1_43' title='bbox 1233 1076 1277 1156; x_wconf 80' lang='grc' dir='ltr'><strong>τῷ</strong></span> <span class='ocrx_word' id='word_1_44' title='bbox 1298 1079 1384 1158; x_wconf 66' lang='lat'><em>2111-</em></span> 
     </span>
     <span class='ocr_line' id='line_1_8' title="bbox 199 1173 1385 1262; baseline -0.004 -18"><span class='ocrx_word' id='word_1_45' title='bbox 199 1181 244 1243; x_wconf 80' lang='lat' dir='ltr'><strong>M.</strong></span> <span class='ocrx_word' id='word_1_46' title='bbox 268 1179 441 1260; x_wconf 54' lang='lat' dir='ltr'><strong>Brutuli),</strong></span> <span class='ocrx_word' id='word_1_47' title='bbox 471 1179 559 1261; x_wconf 86' lang='lat' dir='ltr'><strong>quod</strong></span> <span class='ocrx_word' id='word_1_48' title='bbox 586 1177 621 1242; x_wconf 85' lang='grc'><strong>0.</strong></span> <span class='ocrx_word' id='word_1_49' title='bbox 645 1179 768 1244; x_wconf 76' lang='lat' dir='ltr'><strong>(lassi-</strong></span> <span class='ocrx_word' id='word_1_50' title='bbox 821 1180 899 1260; x_wconf 80' lang='grc' dir='ltr'><strong>ανῷ</strong></span> <span class='ocrx_word' id='word_1_51' title='bbox 919 1185 1253 1262; x_wconf 80' lang='grc' dir='ltr'><em>προςέκρονσεν...</em></span> <span class='ocrx_word' id='word_1_52' title='bbox 1278 1173 1385 1240; x_wconf 76' lang='grc' dir='ltr'><strong><em>αὐτό-</em></strong></span> 
     </span>
     <span class='ocr_line' id='line_1_9' title="bbox 200 1276 1385 1363; baseline -0.003 -18"><span class='ocrx_word' id='word_1_53' title='bbox 200 1304 259 1347; x_wconf 92' lang='lat' dir='ltr'><strong>um</strong></span> <span class='ocrx_word' id='word_1_54' title='bbox 272 1282 491 1346; x_wconf 86' lang='lat' dir='ltr'><strong>Romanorum</strong></span> <span class='ocrx_word' id='word_1_55' title='bbox 505 1282 649 1344; x_wconf 87' lang='lat' dir='ltr'><strong>ultimum</strong></span> <span class='ocrx_word' id='word_1_56' title='bbox 672 1281 768 1344; x_wconf 79' lang='lat' dir='ltr'><strong>dixis·</strong></span> <span class='ocrx_word' id='word_1_57' title='bbox 821 1303 902 1363; x_wconf 82' lang='grc' dir='ltr'><strong><em>χειρ</em></strong></span> <span class='ocrx_word' id='word_1_58' title='bbox 930 1283 1071 1344; x_wconf 71' lang='grc' dir='ltr'><em>ἑαυτοῦ</em></span> <span class='ocrx_word' id='word_1_59' title='bbox 1104 1284 1262 1363; x_wconf 66' lang='grc' dir='ltr'><em>γενέσθαι</em></span> <span class='ocrx_word' id='word_1_60' title='bbox 1293 1276 1385 1363; x_wconf 74' lang='grc' dir='ltr'><em>ἠναγ-</em></span> 
     </span>
     <span class='ocr_line' id='line_1_10' title="bbox 200 1378 1386 1468; baseline -0.003 -22"><span class='ocrx_word' id='word_1_61' title='bbox 200 1391 260 1447; x_wconf 82' lang='lat' dir='ltr'><strong>sct.</strong></span> <span class='ocrx_word' id='word_1_62' title='bbox 310 1385 673 1448; x_wconf 84' lang='lat' dir='ltr'><strong>Accusabant....</strong></span> <span class='ocrx_word' id='word_1_63' title='bbox 708 1383 768 1448; x_wconf 90' lang='lat' dir='ltr'><strong>Se·</strong></span> <span class='ocrx_word' id='word_1_64' title='bbox 821 1382 944 1468; x_wconf 68' lang='lat' dir='ltr'><strong>adeda·</strong></span> <span class='ocrx_word' id='word_1_65' title='bbox 967 1379 1064 1458; x_wconf 75' lang='grc' dir='ltr'><strong><em>αὐτός</em></strong></span> <span class='ocrx_word' id='word_1_66' title='bbox 1091 1406 1128 1444; x_wconf 79' lang='grc' dir='ltr'><strong>τε</strong></span> <span class='ocrx_word' id='word_1_67' title='bbox 1156 1378 1308 1444; x_wconf 70' lang='grc' dir='ltr'><em>ἀπέθανε</em></span> <span class='ocrx_word' id='word_1_68' title='bbox 1330 1385 1386 1444; x_wconf 77' lang='grc' dir='ltr'><strong>καὶ</strong></span> 
     </span>
     <span class='ocr_line' id='line_1_11' title="bbox 193 1480 1386 1568; baseline -0.003 -18"><span class='ocrx_word' id='word_1_69' title='bbox 193 1487 281 1568; x_wconf 79' lang='lat' dir='ltr'><strong>jani</strong></span> <span class='ocrx_word' id='word_1_70' title='bbox 297 1486 476 1550; x_wconf 89' lang='lat' dir='ltr'><strong>clientes.</strong></span> <span class='ocrx_word' id='word_1_71' title='bbox 503 1487 540 1548; x_wconf 87' lang='lat' dir='ltr'><strong>ld</strong></span> <span class='ocrx_word' id='word_1_72' title='bbox 553 1485 769 1567; x_wconf 82' lang='lat' dir='ltr'><strong>permitiebile</strong></span> <span class='ocrx_word' id='word_1_73' title='bbox 821 1484 863 1548; x_wconf 77' lang='grc' dir='ltr'><strong>τὰ</strong></span> <span class='ocrx_word' id='word_1_74' title='bbox 880 1483 1164 1567; x_wconf 77' lang='grc' dir='ltr'><strong><em>συγγράμματα</em></strong></span> <span class='ocrx_word' id='word_1_75' title='bbox 1179 1480 1297 1548; x_wconf 73' lang='grc' dir='ltr'><em>αὐτοῦ</em></span> <span class='ocrx_word' id='word_1_76' title='bbox 1312 1483 1386 1547; x_wconf 71' lang='lat' dir='ltr'><strong>erice</strong></span> 
     </span>
     <span class='ocr_line' id='line_1_12' title="bbox 201 1586 1386 1674; baseline -0.005 -21"><span class='ocrx_word' id='word_1_77' title='bbox 201 1609 259 1653; x_wconf 87' lang='lat' dir='ltr'><strong>reo</strong></span> <span class='ocrx_word' id='word_1_78' title='bbox 364 1589 407 1653; x_wconf 87' lang='lat'><strong>35</strong></span> <span class='ocrx_word' id='word_1_79' title='bbox 511 1588 670 1669; x_wconf 79' lang='lat' dir='ltr'><strong>Egressus</strong></span> <span class='ocrx_word' id='word_1_80' title='bbox 693 1588 769 1650; x_wconf 88' lang='lat' dir='ltr'><strong>dein</strong></span> <span class='ocrx_word' id='word_1_81' title='bbox 820 1594 882 1670; x_wconf 81' lang='grc' dir='ltr'><strong>μὲν</strong></span> <span class='ocrx_word' id='word_1_82' title='bbox 918 1589 954 1650; x_wconf 77' lang='grc' dir='ltr'><strong>ἐν</strong></span> <span class='ocrx_word' id='word_1_83' title='bbox 989 1589 1028 1674; x_wconf 77' lang='grc' dir='ltr'><strong>τῇ</strong></span> <span class='ocrx_word' id='word_1_84' title='bbox 1069 1586 1162 1649; x_wconf 78' lang='grc' dir='ltr'><em>πόλει</em></span> <span class='ocrx_word' id='word_1_85' title='bbox 1207 1590 1386 1668; x_wconf 62' lang='lat' dir='ltr'><strong>senecam</strong></span> 
     </span>
     <span class='ocr_line' id='line_1_13' title="bbox 200 1686 1386 1773; baseline -0.003 -18"><span class='ocrx_word' id='word_1_86' title='bbox 200 1695 315 1756; x_wconf 84' lang='lat' dir='ltr'><strong>senatu</strong></span> <span class='ocrx_word' id='word_1_87' title='bbox 386 1691 501 1754; x_wconf 86' lang='lat' dir='ltr'><strong>vitam</strong></span> <span class='ocrx_word' id='word_1_88' title='bbox 573 1689 769 1753; x_wconf 84' lang='lat' dir='ltr'><strong>abstinentia</strong></span> <span class='ocrx_word' id='word_1_89' title='bbox 820 1688 914 1773; x_wconf 84' lang='grc' dir='ltr'><strong><em>πρὸς</em></strong></span> <span class='ocrx_word' id='word_1_90' title='bbox 941 1691 1015 1753; x_wconf 76' lang='grc' dir='ltr'><strong>τῶν</strong></span> <span class='ocrx_word' id='word_1_91' title='bbox 1047 1686 1298 1770; x_wconf 76' lang='grc' dir='ltr'><em>ἀγορανόμων</em></span> <span class='ocrx_word' id='word_1_92' title='bbox 1330 1691 1386 1751; x_wconf 77' lang='grc' dir='ltr'><strong>καὶ</strong></span> 
     </span>
     <span class='ocr_line' id='line_1_14' title="bbox 200 1783 1387 1874; baseline -0.002 -18"><span class='ocrx_word' id='word_1_93' title='bbox 200 1783 347 1857; x_wconf 83' lang='lat' dir='ltr'><strong>finivit.</strong></span> <span class='ocrx_word' id='word_1_94' title='bbox 377 1792 768 1874; x_wconf 82' lang='lat' dir='ltr'><strong>Librosperaediles</strong></span> <span class='ocrx_word' id='word_1_95' title='bbox 821 1791 864 1855; x_wconf 83' lang='grc' dir='ltr'><strong>τὰ</strong></span> <span class='ocrx_word' id='word_1_96' title='bbox 886 1793 946 1867; x_wconf 69' lang='grc' dir='ltr'><strong>ἔξω</strong></span> <span class='ocrx_word' id='word_1_97' title='bbox 974 1789 1054 1874; x_wconf 88' lang='grc' dir='ltr'><strong><em>πρὸς</em></strong></span> <span class='ocrx_word' id='word_1_98' title='bbox 1085 1794 1150 1854; x_wconf 77' lang='grc' dir='ltr'><strong>νῶν</strong></span> <span class='ocrx_word' id='word_1_99' title='bbox 1182 1791 1387 1872; x_wconf 66' lang='grc' dir='ltr'><strong><em>ἑκασταχόθι</em></strong></span> 
     </span>
     <span class='ocr_line' id='line_1_15' title="bbox 199 1888 1387 1978; baseline -0.003 -18"><span class='ocrx_word' id='word_1_100' title='bbox 199 1895 428 1960; x_wconf 88' lang='lat' dir='ltr'><strong>cremandos</strong></span> <span class='ocrx_word' id='word_1_101' title='bbox 461 1913 616 1958; x_wconf 79' lang='lat' dir='ltr'><strong>censuere</strong></span> <span class='ocrx_word' id='word_1_102' title='bbox 647 1901 768 1977; x_wconf 88' lang='lat' dir='ltr'><strong>patres.</strong></span> <span class='ocrx_word' id='word_1_103' title='bbox 821 1889 986 1975; x_wconf 75' lang='grc' dir='ltr'><em>ἀρχόντων</em></span> <span class='ocrx_word' id='word_1_104' title='bbox 1018 1893 1185 1978; x_wconf 67' lang='grc' dir='ltr'><strong><em>ἐκαύθη,</em></strong></span> <span class='ocrx_word' id='word_1_105' title='bbox 1223 1888 1387 1973; x_wconf 63' lang='grc' dir='ltr'><em>ἕσπερον</em></span> 
     </span>
     <span class='ocr_line' id='line_1_16' title="bbox 200 1985 1385 2080; baseline -0.002 -18"><span class='ocrx_word' id='word_1_106' title='bbox 200 1998 269 2062; x_wconf 89' lang='lat' dir='ltr'><strong>Set</strong></span> <span class='ocrx_word' id='word_1_107' title='bbox 303 2011 545 2076; x_wconf 85' lang='lat' dir='ltr'><strong>manserunt,</strong></span> <span class='ocrx_word' id='word_1_108' title='bbox 580 1996 769 2062; x_wconf 86' lang='lat' dir='ltr'><strong>occultati</strong></span> <span class='ocrx_word' id='word_1_109' title='bbox 821 1996 862 2059; x_wconf 77' lang='grc' dir='ltr'><strong>δὲ</strong></span> <span class='ocrx_word' id='word_1_110' title='bbox 883 1993 1048 2080; x_wconf 71' lang='grc' dir='ltr'><strong>ἐξεδόθη</strong></span> <span class='ocrx_word' id='word_1_111' title='bbox 1073 2020 1116 2060; x_wconf 77' lang='grc' dir='ltr'><strong>τε</strong></span> <span class='ocrx_word' id='word_1_112' title='bbox 1137 1985 1271 2070; x_wconf 60' lang='grc' dir='ltr'><strong>αὖθις,Ι</strong></span> <span class='ocrx_word' id='word_1_113' title='bbox 1292 1991 1385 2060; x_wconf 75' lang='grc' dir='ltr'><strong><em>ἄλλοι</em></strong></span> 
     </span>
     <span class='ocr_line' id='line_1_17' title="bbox 201 2095 1385 2183; baseline 0 -21"><span class='ocrx_word' id='word_1_114' title='bbox 201 2105 236 2164; x_wconf 88' lang='lat' dir='ltr'><strong>et</strong></span> <span class='ocrx_word' id='word_1_115' title='bbox 256 2099 371 2163; x_wconf 86' lang='lat' dir='ltr'><strong>editi.</strong></span> <span class='ocrx_word' id='word_1_116' title='bbox 820 2121 857 2162; x_wconf 78' lang='grc' dir='ltr'><strong>τε</strong></span> <span class='ocrx_word' id='word_1_117' title='bbox 878 2095 939 2182; x_wconf 80' lang='grc' dir='ltr'><strong>γὰρ</strong></span> <span class='ocrx_word' id='word_1_118' title='bbox 961 2100 1017 2162; x_wconf 69' lang='grc' dir='ltr'><strong>καὶ</strong></span> <span class='ocrx_word' id='word_1_119' title='bbox 1037 2095 1185 2180; x_wconf 77' lang='grc' dir='ltr'><strong><em>μάλιστα</em></strong></span> <span class='ocrx_word' id='word_1_120' title='bbox 1204 2095 1385 2183; x_wconf 64' lang='grc' dir='ltr'><strong>ἢθνγάεηρ</strong></span> 
     </span>
     <span class='ocr_line' id='line_1_18' title="bbox 820 2197 1386 2285; baseline -0.002 -21"><span class='ocrx_word' id='word_1_121' title='bbox 820 2197 921 2266; x_wconf 74' lang='grc' dir='ltr'><strong><em>αὐτοῦ</em></strong></span> <span class='ocrx_word' id='word_1_122' title='bbox 964 2203 1102 2284; x_wconf 65' lang='lat' dir='ltr'><strong>Maesta</strong></span> <span class='ocrx_word' id='word_1_123' title='bbox 1140 2208 1386 2285; x_wconf 73' lang='grc' dir='ltr'><em>σννέκρνψεν</em></span> 
     </span>
     <span class='ocr_line' id='line_1_19' title="bbox 821 2326 916 2368; baseline 0 -1"><span class='ocrx_word' id='word_1_124' title='bbox 821 2326 916 2368; x_wconf 71' lang='lat' dir='ltr'><strong>aava</strong></span> 
     </span>
    </p>
   </div>
   <div class='ocr_carea' id='block_1_5' title="bbox 202 2422 1386 3002">
    <p class='ocr_par' dir='ltr' id='par_1_5' title="bbox 202 2422 1386 3002">
     <span class='ocr_line' id='line_1_20' title="bbox 309 2422 1384 2506; baseline 0.002 -20"><span class='ocrx_word' id='word_1_125' title='bbox 309 2422 525 2505; x_wconf 82' lang='lat' dir='ltr'><strong>Quaecunque</strong></span> <span class='ocrx_word' id='word_1_126' title='bbox 558 2423 593 2485; x_wconf 88' lang='lat' dir='ltr'><strong>in</strong></span> <span class='ocrx_word' id='word_1_127' title='bbox 629 2423 691 2488; x_wconf 87' lang='lat' dir='ltr'><strong>hac</strong></span> <span class='ocrx_word' id='word_1_128' title='bbox 723 2441 822 2488; x_wconf 88' lang='lat' dir='ltr'><strong>cansa</strong></span> <span class='ocrx_word' id='word_1_129' title='bbox 853 2423 1007 2506; x_wconf 81' lang='lat' dir='ltr'><strong>graviora</strong></span> <span class='ocrx_word' id='word_1_130' title='bbox 1038 2431 1121 2505; x_wconf 75' lang='lat' dir='ltr'><strong>sunt,</strong></span> <span class='ocrx_word' id='word_1_131' title='bbox 1153 2425 1189 2488; x_wconf 92' lang='lat' dir='ltr'><strong>in</strong></span> <span class='ocrx_word' id='word_1_132' title='bbox 1220 2425 1384 2506; x_wconf 84' lang='lat' dir='ltr'><strong>ambobus,</strong></span> 
     </span>
     <span class='ocr_line' id='line_1_21' title="bbox 202 2523 1384 2608; baseline 0 -18"><span class='ocrx_word' id='word_1_133' title='bbox 202 2527 317 2590; x_wconf 88' lang='lat' dir='ltr'><strong>eodem</strong></span> <span class='ocrx_word' id='word_1_134' title='bbox 339 2525 435 2589; x_wconf 88' lang='lat' dir='ltr'><strong>modo</strong></span> <span class='ocrx_word' id='word_1_135' title='bbox 457 2531 640 2593; x_wconf 73' lang='lat' dir='ltr'><strong>renuetur.</strong></span> <span class='ocrx_word' id='word_1_136' title='bbox 684 2523 750 2590; x_wconf 86' lang='lat' dir='ltr'><strong>Sed</strong></span> <span class='ocrx_word' id='word_1_137' title='bbox 770 2532 907 2608; x_wconf 88' lang='lat' dir='ltr'><strong>uterquc</strong></span> <span class='ocrx_word' id='word_1_138' title='bbox 928 2525 1083 2591; x_wconf 88' lang='lat' dir='ltr'><strong>nonnulla</strong></span> <span class='ocrx_word' id='word_1_139' title='bbox 1104 2526 1231 2591; x_wconf 85' lang='lat' dir='ltr'><strong>addidit</strong></span> <span class='ocrx_word' id='word_1_140' title='bbox 1250 2527 1384 2606; x_wconf 85' lang='lat' dir='ltr'><strong>leviora,</strong></span> 
     </span>
     <span class='ocr_line' id='line_1_22' title="bbox 202 2625 1386 2712; baseline 0.002 -21"><span class='ocrx_word' id='word_1_141' title='bbox 202 2647 286 2712; x_wconf 85' lang='lat' dir='ltr'><strong>quac</strong></span> <span class='ocrx_word' id='word_1_142' title='bbox 306 2647 373 2692; x_wconf 88' lang='lat' dir='ltr'><strong>non</strong></span> <span class='ocrx_word' id='word_1_143' title='bbox 394 2627 436 2692; x_wconf 87' lang='lat' dir='ltr'><strong>ab</strong></span> <span class='ocrx_word' id='word_1_144' title='bbox 458 2627 563 2694; x_wconf 82' lang='lat' dir='ltr'><strong>altero</strong></span> <span class='ocrx_word' id='word_1_145' title='bbox 586 2625 716 2710; x_wconf 80' lang='lat' dir='ltr'><strong>adjecta</strong></span> <span class='ocrx_word' id='word_1_146' title='bbox 737 2633 821 2691; x_wconf 87' lang='lat' dir='ltr'><strong>sunt.</strong></span> <span class='ocrx_word' id='word_1_147' title='bbox 864 2627 953 2692; x_wconf 90' lang='lat' dir='ltr'><strong>Nihil</strong></span> <span class='ocrx_word' id='word_1_148' title='bbox 979 2629 1079 2712; x_wconf 86' lang='lat' dir='ltr'><strong>igitur</strong></span> <span class='ocrx_word' id='word_1_149' title='bbox 1103 2635 1231 2693; x_wconf 85' lang='lat' dir='ltr'><strong>restare</strong></span> <span class='ocrx_word' id='word_1_150' title='bbox 1258 2629 1386 2693; x_wconf 87' lang='lat' dir='ltr'><strong>videtur</strong></span> 
     </span>
     <span class='ocr_line' id='line_1_23' title="bbox 203 2729 1384 2826; baseline 0 -32"><span class='ocrx_word' id='word_1_151' title='bbox 203 2745 300 2814; x_wconf 80' lang='lat' dir='ltr'><strong>quam</strong></span> <span class='ocrx_word' id='word_1_152' title='bbox 321 2729 450 2826; x_wconf 84' lang='lat' dir='ltr'><strong>opinari</strong></span> <span class='ocrx_word' id='word_1_153' title='bbox 470 2735 604 2814; x_wconf 89' lang='lat' dir='ltr'><strong>praeter</strong></span> <span class='ocrx_word' id='word_1_154' title='bbox 625 2748 824 2794; x_wconf 79' lang='lat' dir='ltr'><strong>commem</strong></span> <span class='ocrx_word' id='word_1_155' title='bbox 844 2729 967 2794; x_wconf 85' lang='lat' dir='ltr'><strong>sontem</strong></span> <span class='ocrx_word' id='word_1_156' title='bbox 987 2737 1118 2796; x_wconf 87' lang='lat' dir='ltr'><strong>nostros</strong></span> <span class='ocrx_word' id='word_1_157' title='bbox 1145 2732 1243 2795; x_wconf 86' lang='lat' dir='ltr'><strong>etiam</strong></span> <span class='ocrx_word' id='word_1_158' title='bbox 1264 2731 1384 2795; x_wconf 82' lang='lat' dir='ltr'><strong>diveris</strong></span> 
     </span>
     <span class='ocr_line' id='line_1_24' title="bbox 202 2831 1384 2914; baseline 0.003 -19"><span class='ocrx_word' id='word_1_159' title='bbox 202 2832 276 2896; x_wconf 86' lang='lat' dir='ltr'><strong>aliis</strong></span> <span class='ocrx_word' id='word_1_160' title='bbox 297 2851 389 2896; x_wconf 88' lang='lat' dir='ltr'><strong>usum</strong></span> <span class='ocrx_word' id='word_1_161' title='bbox 411 2852 484 2896; x_wconf 87' lang='lat' dir='ltr'><strong>esse</strong></span> <span class='ocrx_word' id='word_1_162' title='bbox 506 2833 547 2896; x_wconf 91' lang='lat' dir='ltr'><strong>dc</strong></span> <span class='ocrx_word' id='word_1_163' title='bbox 563 2832 718 2897; x_wconf 78' lang='lat' dir='ltr'><strong>Cremutii</strong></span> <span class='ocrx_word' id='word_1_164' title='bbox 732 2831 832 2896; x_wconf 82' lang='lat' dir='ltr'><strong>Cordi</strong></span> <span class='ocrx_word' id='word_1_165' title='bbox 847 2851 954 2914; x_wconf 85' lang='lat' dir='ltr'><strong>causa,</strong></span> <span class='ocrx_word' id='word_1_166' title='bbox 978 2833 1068 2897; x_wconf 87' lang='lat' dir='ltr'><strong>velut</strong></span> <span class='ocrx_word' id='word_1_167' title='bbox 1089 2834 1130 2898; x_wconf 91' lang='lat' dir='ltr'><strong>de</strong></span> <span class='ocrx_word' id='word_1_168' title='bbox 1145 2833 1232 2898; x_wconf 88' lang='lat' dir='ltr'><strong>filiae</strong></span> <span class='ocrx_word' id='word_1_169' title='bbox 1246 2836 1384 2898; x_wconf 89' lang='lat' dir='ltr'><strong>nomine.</strong></span> 
     </span>
     <span class='ocr_line' id='line_1_25' title="bbox 202 2933 1385 3002; baseline 0.002 -3"><span class='ocrx_word' id='word_1_170' title='bbox 202 2935 269 3000; x_wconf 86' lang='lat' dir='ltr'><strong>Sed</strong></span> <span class='ocrx_word' id='word_1_171' title='bbox 301 2941 427 2998; x_wconf 85' lang='lat' dir='ltr'><strong>tantum</strong></span> <span class='ocrx_word' id='word_1_172' title='bbox 457 2935 492 2998; x_wconf 91' lang='lat' dir='ltr'><strong>in</strong></span> <span class='ocrx_word' id='word_1_173' title='bbox 524 2935 698 2999; x_wconf 86' lang='lat' dir='ltr'><strong>levioribus</strong></span> <span class='ocrx_word' id='word_1_174' title='bbox 731 2934 864 2999; x_wconf 81' lang='lat' dir='ltr'><strong>Tacitus</strong></span> <span class='ocrx_word' id='word_1_175' title='bbox 897 2941 931 2999; x_wconf 88' lang='lat' dir='ltr'><strong>et</strong></span> <span class='ocrx_word' id='word_1_176' title='bbox 963 2933 1093 3000; x_wconf 81' lang='lat' dir='ltr'><strong>(lessius</strong></span> <span class='ocrx_word' id='word_1_177' title='bbox 1126 2936 1257 3000; x_wconf 84' lang='lat' dir='ltr'><strong>distant</strong></span> <span class='ocrx_word' id='word_1_178' title='bbox 1311 2936 1385 3002; x_wconf 91' lang='lat' dir='ltr'><strong>Hoc</strong></span> 
     </span>
    </p>
   </div>
   <div class='ocr_carea' id='block_1_6' title="bbox 172 3037 1385 3756">
    <p class='ocr_par' dir='ltr' id='par_1_6' title="bbox 203 3037 1259 3121">
     <span class='ocr_line' id='line_1_26' title="bbox 203 3037 1259 3121; baseline 0.001 -19"><span class='ocrx_word' id='word_1_179' title='bbox 203 3057 330 3119; x_wconf 88' lang='lat' dir='ltr'><strong>quoque</strong></span> <span class='ocrx_word' id='word_1_180' title='bbox 352 3038 424 3102; x_wconf 88' lang='lat' dir='ltr'><strong>fieri</strong></span> <span class='ocrx_word' id='word_1_181' title='bbox 446 3038 560 3121; x_wconf 87' lang='lat' dir='ltr'><strong>potuit,</strong></span> <span class='ocrx_word' id='word_1_182' title='bbox 588 3037 616 3100; x_wconf 90' lang='lat' dir='ltr'><strong>si</strong></span> <span class='ocrx_word' id='word_1_183' title='bbox 639 3037 753 3101; x_wconf 90' lang='lat' dir='ltr'><strong>eodem</strong></span> <span class='ocrx_word' id='word_1_184' title='bbox 776 3044 908 3102; x_wconf 85' lang='lat' dir='ltr'><strong>auctore</strong></span> <span class='ocrx_word' id='word_1_185' title='bbox 931 3039 1059 3102; x_wconf 81' lang='lat' dir='ltr'><strong>diverse</strong></span> <span class='ocrx_word' id='word_1_186' title='bbox 1081 3045 1259 3103; x_wconf 87' lang='lat' dir='ltr'><strong>uterentur.</strong></span> 
     </span>
    </p>

    <p class='ocr_par' dir='ltr' id='par_1_7' title="bbox 172 3152 1385 3756">
     <span class='ocr_line' id='line_1_27' title="bbox 172 3152 1384 3243; baseline -0.001 -22"><span class='ocrx_word' id='word_1_187' title='bbox 172 3158 262 3237; x_wconf 71' lang='lat' dir='ltr'><strong>iv,</strong></span> <span class='ocrx_word' id='word_1_188' title='bbox 292 3158 334 3222; x_wconf 90' lang='grc'><strong>36</strong></span> <span class='ocrx_word' id='word_1_189' title='bbox 368 3157 505 3239; x_wconf 83' lang='lat' dir='ltr'><strong>Objecta</strong></span> <span class='ocrx_word' id='word_1_190' title='bbox 537 3157 666 3240; x_wconf 89' lang='lat' dir='ltr'><strong>publice</strong></span> <span class='ocrx_word' id='word_1_191' title='bbox 699 3155 768 3238; x_wconf 79' lang='lat' dir='ltr'><strong>Gy·</strong></span> <span class='ocrx_word' id='word_1_192' title='bbox 825 3156 981 3236; x_wconf 68' lang='lat' dir='ltr'><strong>tulum</strong></span> <span class='ocrx_word' id='word_1_193' title='bbox 1002 3159 1219 3243; x_wconf 75' lang='grc' dir='ltr'><em>Κυζικηνῶν</em></span> <span class='ocrx_word' id='word_1_194' title='bbox 1239 3152 1258 3243; x_wconf 76' lang='grc' dir='ltr'><strong><em>ἦ</em></strong></span> <span class='ocrx_word' id='word_1_195' title='bbox 1281 3155 1384 3220; x_wconf 77' lang='grc' dir='ltr'><em>ἕλεν-</em></span> 
     </span>
     <span class='ocr_line' id='line_1_28' title="bbox 204 3248 1384 3347; baseline 0.002 -25"><span class='ocrx_word' id='word_1_196' title='bbox 204 3259 350 3324; x_wconf 83' lang='lat' dir='ltr'><strong>zicenis</strong></span> <span class='ocrx_word' id='word_1_197' title='bbox 372 3257 768 3347; x_wconf 79' lang='lat' dir='ltr'><strong>incuriacaerimoni·</strong></span> <span class='ocrx_word' id='word_1_198' title='bbox 827 3261 944 3342; x_wconf 63' lang='lat' dir='ltr'><strong>truta</strong></span> <span class='ocrx_word' id='word_1_199' title='bbox 965 3248 1075 3335; x_wconf 74' lang='grc' dir='ltr'><strong><em>αὖθις,</em></strong></span> <span class='ocrx_word' id='word_1_200' title='bbox 1098 3255 1148 3324; x_wconf 77' lang='grc' dir='ltr'><strong>ὅτι</strong></span> <span class='ocrx_word' id='word_1_201' title='bbox 1170 3284 1211 3325; x_wconf 74' lang='grc' dir='ltr'><strong>τε</strong></span> <span class='ocrx_word' id='word_1_202' title='bbox 1230 3257 1384 3340; x_wconf 54' lang='lat' dir='ltr'><strong>‘Petrae</strong></span> 
     </span>
     <span class='ocr_line' id='line_1_29' title="bbox 203 3356 1385 3447; baseline 0 -23"><span class='ocrx_word' id='word_1_203' title='bbox 203 3383 310 3426; x_wconf 85' lang='lat' dir='ltr'><strong>arum</strong></span> <span class='ocrx_word' id='word_1_204' title='bbox 332 3362 412 3425; x_wconf 83' lang='lat' dir='ltr'><strong>divi</strong></span> <span class='ocrx_word' id='word_1_205' title='bbox 439 3363 619 3444; x_wconf 78' lang='lat' dir='ltr'><strong>Augusti,</strong></span> <span class='ocrx_word' id='word_1_206' title='bbox 649 3360 768 3424; x_wconf 82' lang='lat' dir='ltr'><strong>additis</strong></span> <span class='ocrx_word' id='word_1_207' title='bbox 833 3384 885 3436; x_wconf 69' lang='grc' dir='ltr'><strong>»υς</strong></span> <span class='ocrx_word' id='word_1_208' title='bbox 917 3359 1025 3438; x_wconf 74' lang='grc' dir='ltr'><em>τινὰς</em></span> <span class='ocrx_word' id='word_1_209' title='bbox 1057 3362 1200 3447; x_wconf 75' lang='grc' dir='ltr'><em>ἔδησαν</em></span> <span class='ocrx_word' id='word_1_210' title='bbox 1232 3365 1288 3426; x_wconf 83' lang='grc' dir='ltr'><strong>καὶ</strong></span> <span class='ocrx_word' id='word_1_211' title='bbox 1324 3356 1385 3426; x_wconf 79' lang='grc' dir='ltr'><strong>ὅτι</strong></span> 
     </span>
     <span class='ocr_line' id='line_1_30' title="bbox 204 3454 1384 3551; baseline 0.003 -24"><span class='ocrx_word' id='word_1_212' title='bbox 204 3465 423 3528; x_wconf 82' lang='lat' dir='ltr'><strong>violentiae</strong></span> <span class='ocrx_word' id='word_1_213' title='bbox 455 3464 682 3529; x_wconf 87' lang='lat' dir='ltr'><strong>criminibus</strong></span> <span class='ocrx_word' id='word_1_214' title='bbox 715 3463 768 3526; x_wconf 83' lang='lat' dir='ltr'><strong>ad·</strong></span> <span class='ocrx_word' id='word_1_215' title='bbox 827 3467 886 3528; x_wconf 69' lang='lat' dir='ltr'><strong>ccl</strong></span> <span class='ocrx_word' id='word_1_216' title='bbox 907 3454 1099 3551; x_wconf 73' lang='grc' dir='ltr'><em>νὸῆρὸον,</em></span> <span class='ocrx_word' id='word_1_217' title='bbox 1122 3461 1209 3549; x_wconf 65' lang='lat' dir='ltr'><strong>daci</strong></span> <span class='ocrx_word' id='word_1_218' title='bbox 1224 3461 1384 3548; x_wconf 61' lang='lat' dir='ltr'><strong>Atratu-</strong></span> 
     </span>
     <span class='ocr_line' id='line_1_31' title="bbox 205 3561 1383 3653; baseline 0.003 -24"><span class='ocrx_word' id='word_1_219' title='bbox 205 3587 333 3630; x_wconf 79' lang='lat' dir='ltr'><strong>versum</strong></span> <span class='ocrx_word' id='word_1_220' title='bbox 355 3567 461 3630; x_wconf 84' lang='lat' dir='ltr'><strong>cives</strong></span> <span class='ocrx_word' id='word_1_221' title='bbox 483 3566 684 3631; x_wconf 81' lang='lat' dir='ltr'><strong>Romanos</strong></span> <span class='ocrx_word' id='word_1_222' title='bbox 726 3565 769 3629; x_wconf 84' lang='lat' dir='ltr'><strong>Et</strong></span> <span class='ocrx_word' id='word_1_223' title='bbox 826 3590 869 3648; x_wconf 69' lang='grc' dir='ltr'><strong>τῳ</strong></span> <span class='ocrx_word' id='word_1_224' title='bbox 890 3561 1157 3653; x_wconf 73' lang='grc' dir='ltr'><em>ποιέῖνῆρξαννο,</em></span> <span class='ocrx_word' id='word_1_225' title='bbox 1181 3565 1383 3643; x_wconf 52' lang='lat' dir='ltr'><strong>uindicet·</strong></span> 
     </span>
     <span class='ocr_line' id='line_1_32' title="bbox 200 3665 1167 3756; baseline 0 -24"><span class='ocrx_word' id='word_1_226' title='bbox 200 3670 367 3734; x_wconf 87' lang='lat' dir='ltr'><strong>emisere</strong></span> <span class='ocrx_word' id='word_1_227' title='bbox 388 3669 626 3733; x_wconf 85' lang='lat' dir='ltr'><strong>libertatem.</strong></span> <span class='ocrx_word' id='word_1_228' title='bbox 824 3668 954 3744; x_wconf 69' lang='lat' dir='ltr'><strong>lecca,</strong></span> <span class='ocrx_word' id='word_1_229' title='bbox 977 3665 1167 3756; x_wconf 69' lang='grc' dir='ltr'><strong>ἀφῃρέθη.</strong></span> 
     </span>
    </p>
   </div>
   <div class='ocr_carea' id='block_1_7' title="bbox 199 3788 1384 4178">
    <p class='ocr_par' dir='ltr' id='par_1_8' title="bbox 199 3788 1384 4178">
     <span class='ocr_line' id='line_1_33' title="bbox 307 3788 1383 3868; baseline 0.001 -15"><span class='ocrx_word' id='word_1_230' title='bbox 307 3788 431 3853; x_wconf 78' lang='lat' dir='ltr'><strong>Idodem</strong></span> <span class='ocrx_word' id='word_1_231' title='bbox 452 3788 547 3851; x_wconf 90' lang='lat' dir='ltr'><strong>modo</strong></span> <span class='ocrx_word' id='word_1_232' title='bbox 570 3788 663 3851; x_wconf 86' lang='lat' dir='ltr'><strong>ambo</strong></span> <span class='ocrx_word' id='word_1_233' title='bbox 685 3788 771 3851; x_wconf 89' lang='lat' dir='ltr'><strong>idem</strong></span> <span class='ocrx_word' id='word_1_234' title='bbox 782 3795 924 3868; x_wconf 86' lang='lat' dir='ltr'><strong>narrant,</strong></span> <span class='ocrx_word' id='word_1_235' title='bbox 948 3795 1071 3854; x_wconf 86' lang='lat' dir='ltr'><strong>tantum</strong></span> <span class='ocrx_word' id='word_1_236' title='bbox 1086 3809 1243 3854; x_wconf 87' lang='lat' dir='ltr'><strong>converso</strong></span> <span class='ocrx_word' id='word_1_237' title='bbox 1258 3789 1383 3854; x_wconf 81' lang='lat' dir='ltr'><strong>ordine.</strong></span> 
     </span>
     <span class='ocr_line' id='line_1_34' title="bbox 199 3890 1384 3973; baseline 0.001 -16"><span class='ocrx_word' id='word_1_238' title='bbox 199 3890 266 3957; x_wconf 85' lang='lat' dir='ltr'><strong>Sed</strong></span> <span class='ocrx_word' id='word_1_239' title='bbox 287 3890 395 3956; x_wconf 84' lang='lat' dir='ltr'><strong>Taciti</strong></span> <span class='ocrx_word' id='word_1_240' title='bbox 416 3910 531 3973; x_wconf 86' lang='lat' dir='ltr'><strong>param</strong></span> <span class='ocrx_word' id='word_1_241' title='bbox 552 3890 641 3955; x_wconf 86' lang='lat' dir='ltr'><strong>clara</strong></span> <span class='ocrx_word' id='word_1_242' title='bbox 662 3891 763 3953; x_wconf 82' lang='lat' dir='ltr'><strong>verba</strong></span> <span class='ocrx_word' id='word_1_243' title='bbox 789 3891 830 3954; x_wconf 91' lang='lat' dir='ltr'><strong>de</strong></span> <span class='ocrx_word' id='word_1_244' title='bbox 865 3891 1009 3972; x_wconf 84' lang='lat' dir='ltr'><strong>„incuria</strong></span> <span class='ocrx_word' id='word_1_245' title='bbox 1029 3893 1295 3957; x_wconf 83' lang='lat' dir='ltr'><strong>caerimoniarum</strong></span> <span class='ocrx_word' id='word_1_246' title='bbox 1317 3893 1384 3958; x_wconf 80' lang='lat' dir='ltr'><strong>divi</strong></span> 
     </span>
     <span class='ocr_line' id='line_1_35' title="bbox 200 3991 1382 4077; baseline 0.003 -21"><span class='ocrx_word' id='word_1_247' title='bbox 200 3993 358 4076; x_wconf 84' lang='lat' dir='ltr'><strong>Augusti“</strong></span> <span class='ocrx_word' id='word_1_248' title='bbox 383 3999 506 4056; x_wconf 88' lang='lat' dir='ltr'><strong>tantum</strong></span> <span class='ocrx_word' id='word_1_249' title='bbox 528 4012 546 4056; x_wconf 90' lang='lat' dir='ltr'><strong>e</strong></span> <span class='ocrx_word' id='word_1_250' title='bbox 569 3991 683 4056; x_wconf 79' lang='lat' dir='ltr'><strong>(lessio</strong></span> <span class='ocrx_word' id='word_1_251' title='bbox 716 3992 855 4076; x_wconf 85' lang='lat' dir='ltr'><strong>intelligi</strong></span> <span class='ocrx_word' id='word_1_252' title='bbox 887 3999 1032 4076; x_wconf 82' lang='lat' dir='ltr'><strong>possunt</strong></span> <span class='ocrx_word' id='word_1_253' title='bbox 1088 3993 1160 4071; x_wconf 80' lang='lat' dir='ltr'><strong>Qua</strong></span> <span class='ocrx_word' id='word_1_254' title='bbox 1191 4013 1228 4059; x_wconf 87' lang='lat' dir='ltr'><strong>re</strong></span> <span class='ocrx_word' id='word_1_255' title='bbox 1262 3995 1382 4077; x_wconf 88' lang='lat' dir='ltr'><strong>optime</strong></span> 
     </span>
     <span class='ocr_line' id='line_1_36' title="bbox 201 4095 1212 4178; baseline 0.004 -21"><span class='ocrx_word' id='word_1_256' title='bbox 201 4095 357 4176; x_wconf 86' lang='lat' dir='ltr'><strong>probatur</strong></span> <span class='ocrx_word' id='word_1_257' title='bbox 378 4095 540 4158; x_wconf 83' lang='lat' dir='ltr'><strong>sententia</strong></span> <span class='ocrx_word' id='word_1_258' title='bbox 562 4101 674 4158; x_wconf 83' lang='lat' dir='ltr'><strong>nostra</strong></span> <span class='ocrx_word' id='word_1_259' title='bbox 697 4095 736 4158; x_wconf 90' lang='lat' dir='ltr'><strong>de</strong></span> <span class='ocrx_word' id='word_1_260' title='bbox 760 4095 919 4159; x_wconf 90' lang='lat' dir='ltr'><strong>communi</strong></span> <span class='ocrx_word' id='word_1_261' title='bbox 940 4095 1030 4160; x_wconf 85' lang='lat' dir='ltr'><strong>sonte</strong></span> <span class='ocrx_word' id='word_1_262' title='bbox 1053 4097 1212 4178; x_wconf 86' lang='lat' dir='ltr'><strong>conjecta.</strong></span> 
     </span>
    </p>
   </div>
   <div class='ocr_carea' id='block_1_8' title="bbox 200 4263 1383 4413">
    <p class='ocr_par' dir='ltr' id='par_1_9' title="bbox 200 4263 1383 4413">
     <span class='ocr_line' id='line_1_37' title="bbox 304 4263 1383 4336; baseline 0.005 -21"><span class='ocrx_word' id='word_1_263' title='bbox 304 4263 332 4332; x_wconf 76' lang='lat'><strong>*)</strong></span> <span class='ocrx_word' id='word_1_264' title='bbox 350 4263 396 4316; x_wconf 86' lang='lat' dir='ltr'><strong>Sic</strong></span> <span class='ocrx_word' id='word_1_265' title='bbox 415 4263 577 4332; x_wconf 85' lang='lat' dir='ltr'><strong>Spengelius</strong></span> <span class='ocrx_word' id='word_1_266' title='bbox 595 4264 747 4318; x_wconf 83' lang='lat' dir='ltr'><strong>emendavit</strong></span> <span class='ocrx_word' id='word_1_267' title='bbox 773 4280 835 4334; x_wconf 87' lang='lat' dir='ltr'><strong>pro:</strong></span> <span class='ocrx_word' id='word_1_268' title='bbox 880 4265 964 4334; x_wconf 86' lang='lat' dir='ltr'><strong>,qnod</strong></span> <span class='ocrx_word' id='word_1_269' title='bbox 990 4265 1094 4329; x_wconf 87' lang='lat' dir='ltr'><strong>editis‘;</strong></span> <span class='ocrx_word' id='word_1_270' title='bbox 1121 4265 1184 4320; x_wconf 81' lang='lat' dir='ltr'><strong>vide</strong></span> <span class='ocrx_word' id='word_1_271' title='bbox 1209 4265 1383 4336; x_wconf 81' lang='lat' dir='ltr'><strong>Philologum</strong></span> 
     </span>
     <span class='ocr_line' id='line_1_38' title="bbox 200 4349 638 4413; baseline 0 -10"><span class='ocrx_word' id='word_1_272' title='bbox 200 4349 320 4413; x_wconf 84' lang='lat' dir='ltr'>XXXII,</span> <span class='ocrx_word' id='word_1_273' title='bbox 338 4350 362 4402; x_wconf 86' lang='grc'><strong>6,</strong></span> <span class='ocrx_word' id='word_1_274' title='bbox 636 4361 638 4364; x_wconf 88' lang='grc'><strong><em>·</em></strong></span> 
     </span>
    </p>
   </div>
   <div class='ocr_carea' id='block_1_9' title="bbox 1022 4503 1071 4569">
    <p class='ocr_par' dir='ltr' id='par_1_10' title="bbox 1022 4503 1071 4569">
     <span class='ocr_line' id='line_1_39' title="bbox 1022 4503 1071 4569; baseline 0 -23"><span class='ocrx_word' id='word_1_275' title='bbox 1022 4503 1071 4569; x_wconf 60' lang='grc' dir='ltr'><strong>2ΰ</strong></span> 
     </span>
    </p>
   </div>
   <div class='ocr_carea' id='block_1_10' title="bbox 0 0 1580 4802">
    <p class='ocr_par' dir='ltr' id='par_1_11' title="bbox 0 0 1580 4802">
     <span class='ocr_line' id='line_1_40' title="bbox 0 0 1580 4802; baseline 0 0"><span class='ocrx_word' id='word_1_276' title='bbox 0 0 1580 4802; x_wconf 95' lang='lat' dir='ltr'><strong> </strong></span> 
     </span>
    </p>
   </div>
  </div>
 </body>
</html>
