3168 4798
139 921 169 1226 <bure-2101
139 721 177 880 ’2-3
138 510 179 647 Ex:

194 1585 249 1682 De
273 1619 404 1684 Tiberio
429 1637 617 1700 quamquam
639 1637 703 1679 non
726 1617 821 1698 pauci
850 1615 1129 1698 sagacissimorum
1162 1622 1196 1678 ct
1228 1616 1374 1680 doctissi-

82 1796 86 1800 ,
195 1743 317 1786 morum
344 1721 484 1782 virorum
511 1719 599 1782 velut
626 1719 805 1782 Gibbonius
833 1729 866 1780 ct
892 1717 1078 1781 Merivalius
1112 1717 1311 1800 seripserunt
1343 1726 1376 1783 et

188 1825 426 1906 judicaverunt,
456 1829 563 1885 tamen
585 1841 650 1884 non
672 1819 817 1902 contigit,
837 1825 882 1883 ut
905 1821 944 1884 de
968 1819 1113 1902 principe
1136 1819 1192 1883 illo
1215 1822 1376 1885 sententia

193 1928 278 1989 iuter
306 1944 415 1988 omnes
439 1930 612 1988 constaret.
658 1922 796 1986 Mardme
833 1928 939 1985 autem
973 1922 1095 1986 distant
1121 1922 1254 2004 judicia,
1289 1911 1375 2006 post·

195 2049 289 2110 quam
311 2027 457 2092 Stahrius
479 2027 595 2090 librum
618 2027 706 2089 illum
728 2025 931 2089 notissimum
953 2025 1064 2104 edidit,
1088 2025 1121 2087 in
1144 2045 1206 2106 quo
1229 2025 1376 2090 Tacitum

196 2133 351 2194 acerrime
374 2149 546 2212 aggressus
570 2136 628 2209 est,
653 2149 712 2211 pro
736 2147 798 2208 quo
822 2147 886 2190 non
909 2128 1011 2191 minus
1034 2127 1240 2191 vehementer
1254 2128 1375 2191 Eduar-

196 2235 254 2296 dus
289 2233 411 2296 Pasch
445 2232 597 2295 disseruit
631 2231 808 2314 (Altcnbgi.
832 2228 1108 2314 Moooonxvl).
1152 2229 1237 2294 Huic
1271 2237 1377 2296 autem

196 2335 363 2399 certamini
379 2335 557 2398 immiscere
573 2334 727 2414 nolumus,
753 2332 810 2399 sed
833 2331 897 2395 alia
918 2331 971 2394 vio
985 2331 1212 2414 ingrediemur,
1236 2340 1272 2396 ut
1286 2333 1392 2415 quasi.

195 2440 318 2502 firmum
340 2438 580 2500 fundamentum
602 2440 750 2517 ponatur.
796 2433 889 2511 Quod
923 2441 957 2498 ut
989 2435 1212 2517 adipiscamur,
1248 2442 1378 2520 oportet

196 2541 430 2617 historicorum,
455 2538 509 2619 qni
532 2539 571 2600 de
594 2538 792 2619 temporibus
815 2538 879 2600 illis
902 2537 1101 2619 scripserint,
1126 2544 1228 2601 artem
1251 2545 1285 2602 et
1304 2558 1377 2602 cen-

197 2644 301 2706 silium
324 2648 486 2722 testesque
511 2640 644 2722 exquiri,
680 2644 715 2703 ut
741 2640 787 2703 sic
809 2639 1001 2724 reperiatur,
1034 2640 1118 2703 unde
1141 2659 1219 2704 vera
1241 2645 1275 2704 et
1296 2641 1378 2706 falsa

196 2748 228 2809 in
246 2745 369 2808 'liborii
392 2743 527 2806 historia
548 2743 670 2806 tradita
693 2762 786 2824 quam
810 2743 945 2806 maxime
969 2741 1109 2805 discerni
1124 2743 1261 2824 possint.
1294 2745 1377 2808 Auc-

197 2856 301 2911 torum
325 2853 430 2909 autom
453 2845 526 2909 talis
549 2845 756 2927 investigatio
780 2844 882 2926 magis
905 2843 1090 2908 neccssaria
1113 2851 1171 2924 est,
1196 2846 1270 2927 quia
1293 2848 1377 2928 quod

197 2953 238 3014 ad
261 2949 488 3030 inscriptiones
512 2947 638 3028 aliaque
655 2933 858 3010 monumenta
873 2946 997 3026 attinet,
1016 2945 1085 3028 jam
1101 2947 1303 3029 exploratum
1318 2957 1377 3031 est,

141 3049 310 3135 [equibus
334 3057 453 3132 quanta
483 3050 562 3113 fides
589 3050 738 3113 habenda
771 3049 822 3112 sit.
865 3049 1005 3130 Jamjam
1038 3048 1165 3131 quidem
1199 3071 1272 3115 mox
1304 3060 1380 3135 post

138 3154 317 3254 pastelii-ii
340 3153 454 3215 librum
479 3152 540 3214 viri
562 3152 650 3215 docti
672 3152 761 3234 prius
784 3151 889 3214 fontes
918 3158 1082 3216 auctorum
1109 3152 1236 3216 illorum
1270 3155 1378 3238 explo-

196 3258 316 3321 randos
351 3275 422 3319 esse
456 3261 677 3337 cognoverunt
710 3274 804 3336 quam
838 3255 878 3318 de
912 3254 1043 3318 Tiberio
1075 3254 1217 3335 judicari
1253 3257 1377 3322 liceret.

142 3363 178 3416 30
196 3364 310 3441 Itaque
333 3379 352 3421 a
375 3357 492 3421 Carolo
515 3359 661 3440 Augusto
685 3357 822 3421 Knabe
844 3355 950 3420 fontes
973 3357 1127 3420 historiae
1150 3357 1378 3442 imperatorum

137 3451 179 3528 ἐχ)
197 3463 357 3528 Juliorum
381 3462 478 3544 (Diss.
495 3460 589 3524 Halis
612 3458 879 3541 MDCOOLXIV)
909 3459 1069 3542 explorati
1092 3464 1174 3524 sunt.
1218 3461 1283 3527 Sed
1310 3468 1378 3527 tan·

67 3575 70 3583 “
142 3574 263 3636 a‘tum
287 3564 391 3627 obiter
415 3570 448 3626 ct
475 3563 590 3627 leuiter
618 3568 769 3627 accurata
796 3566 961 3626 auctorum
987 3562 1227 3645 comparatione
1261 3565 1379 3629 omissa

151 3670 280 3776 §hanc
302 3687 370 3729 rem
392 3666 565 3749 perpendit
587 3673 620 3730 ct
643 3665 799 3748 exposuit.
844 3664 970 3729 Deinde
999 3670 1106 3728 aut‘m
1134 3665 1251 3731 Oarolo
1274 3667 1377 3732 Nita-

141 3783 175 3850 ς
196 3771 304 3833 schin
328 3769 397 3831 viro
420 3769 636 3832 illustrissimo
665 3772 796 3831 auctore
826 3766 1070 3832 dissertationes
1104 3769 1187 3833 duae
1214 3769 1248 3834 in
1275 3770 1378 3835 lucem

140 3851 176 3886 ⁵⁸
195 3872 303 3933 editae
327 3878 408 3951 suut,
432 3872 601 3953 inquibus
625 3872 665 3935 de
688 3869 829 3933 fontibus
858 3869 898 3933 ad
922 3870 1045 3935 Tiberii
1082 3871 1247 3937 historiam
1279 3874 1377 3956 perti-

131 3959 344 4057 ”Enontibus
369 3981 474 4039 actum
497 3980 555 4056 est,
591 3995 724 4056 quarum
751 3993 846 4037 unam
867 3973 1027 4039 Henricus
1050 3974 1220 4040 Reichau
1247 3976 1377 4062 (Regio

140 4065 308 4169 &mantii
341 4076 601 4159 MDOCOLXV),
636 4077 769 4140 alteram
804 4077 961 4141 Arrtouius
995 4078 1217 4144 Schroedcr
1246 4080 1378 4164 (ibidem

196 4177 495 4259 MDCCOLXVIII)
520 4180 707 4260 composuit.
763 4179 1103 4246 Schrocderianac
1127 4189 1233 4246 autem
1254 4188 1378 4247 tantum
1438 4205 1443 4214 ·

195 4283 299 4366 prima
321 4301 397 4364 pars
420 4280 505 4362 typis
529 4299 684 4364 expressa
706 4288 764 4363 est,
788 4283 821 4346 in
844 4303 907 4365 qua
929 4285 969 4348 de
985 4291 1151 4349 auctorum
1165 4304 1286 4369 genere
1302 4285 1377 4349 sori-

195 4385 292 4448 bcndi
315 4391 348 4448 et
370 4383 561 4448 auctoritate
584 4383 708 4449 locutus
732 4391 790 4450 est.
829 4385 930 4464 Quam
952 4389 992 4452 ob
1015 4407 1082 4452 rem
1099 4390 1139 4453 ad
1155 4389 1378 4471 dijudicandas

1154 4563 1171 4626 l
