<?xml version="1.0" encoding="UTF-8"?>
<!DOCTYPE html PUBLIC "-//W3C//DTD XHTML 1.0 Transitional//EN"
    "http://www.w3.org/TR/xhtml1/DTD/xhtml1-transitional.dtd">
<html xmlns="http://www.w3.org/1999/xhtml" xml:lang="en" lang="en">
 <head>
  <title>
</title>
<meta http-equiv="Content-Type" content="text/html;charset=utf-8" />
  <meta name='ocr-system' content='tesseract 3.04.00' />
  <meta name='ocr-capabilities' content='ocr_page ocr_carea ocr_par ocr_line ocrx_word'/>
</head>
<body>
  <div class='ocr_page' id='page_1' title='image "./defontibusadtib00thamgoog_0052.png"; bbox 0 0 3168 4798; ppageno 0'>
   <div class='ocr_carea' id='block_1_1' title="bbox 713 433 866 444">
    <p class='ocr_par' dir='ltr' id='par_1_1' title="bbox 713 433 866 444">
     <span class='ocr_line' id='line_1_1' title="bbox 713 433 866 444; baseline -0.007 -1"><span class='ocrx_word' id='word_1_1' title='bbox 713 433 866 444; x_wconf 74' lang='lat'><strong>---·-·—-</strong></span> 
     </span>
    </p>
   </div>
   <div class='ocr_carea' id='block_1_2' title="bbox 200 546 1382 633">
    <p class='ocr_par' dir='ltr' id='par_1_2' title="bbox 200 546 1382 633">
     <span class='ocr_line' id='line_1_2' title="bbox 200 546 1382 633; baseline -0.003 -21"><span class='ocrx_word' id='word_1_2' title='bbox 200 546 370 612; x_wconf 77' lang='lat' dir='ltr'>Suetonius</span> <span class='ocrx_word' id='word_1_3' title='bbox 393 549 540 613; x_wconf 91' lang='lat' dir='ltr'><strong>omittere</strong></span> <span class='ocrx_word' id='word_1_4' title='bbox 563 550 677 633; x_wconf 87' lang='lat' dir='ltr'><strong>potuit,</strong></span> <span class='ocrx_word' id='word_1_5' title='bbox 703 549 863 633; x_wconf 88' lang='lat' dir='ltr'><strong>quiajam</strong></span> <span class='ocrx_word' id='word_1_6' title='bbox 886 554 983 614; x_wconf 85' lang='lat' dir='ltr'><strong>antea</strong></span> <span class='ocrx_word' id='word_1_7' title='bbox 1006 548 1045 613; x_wconf 87' lang='lat' dir='ltr'><strong>de</strong></span> <span class='ocrx_word' id='word_1_8' title='bbox 1062 549 1235 630; x_wconf 80' lang='lat' dir='ltr'><strong>juventute</strong></span> <span class='ocrx_word' id='word_1_9' title='bbox 1259 547 1382 610; x_wconf 84' lang='lat' dir='ltr'><strong>Tiberii</strong></span> 
     </span>
    </p>
   </div>
   <div class='ocr_carea' id='block_1_3' title="bbox 199 650 583 732">
    <p class='ocr_par' dir='ltr' id='par_1_3' title="bbox 199 650 583 732">
     <span class='ocr_line' id='line_1_3' title="bbox 199 650 583 732; baseline 0.008 -19"><span class='ocrx_word' id='word_1_10' title='bbox 199 650 327 732; x_wconf 84' lang='lat' dir='ltr'><strong>gemelli</strong></span> <span class='ocrx_word' id='word_1_11' title='bbox 350 650 480 715; x_wconf 90' lang='lat' dir='ltr'><strong>locutus</strong></span> <span class='ocrx_word' id='word_1_12' title='bbox 504 659 583 716; x_wconf 89' lang='lat' dir='ltr'><strong>erat.</strong></span> 
     </span>
    </p>
   </div>
   <div class='ocr_carea' id='block_1_4' title="bbox 200 770 1379 1060">
    <p class='ocr_par' dir='ltr' id='par_1_4' title="bbox 200 770 1379 1060">
     <span class='ocr_line' id='line_1_4' title="bbox 305 770 1379 853; baseline -0.003 -21"><span class='ocrx_word' id='word_1_13' title='bbox 305 770 348 832; x_wconf 82' lang='lat' dir='ltr'><strong>Et</strong></span> <span class='ocrx_word' id='word_1_14' title='bbox 370 771 456 853; x_wconf 90' lang='lat' dir='ltr'><strong>qnod</strong></span> <span class='ocrx_word' id='word_1_15' title='bbox 485 772 526 835; x_wconf 89' lang='lat' dir='ltr'><strong>ad</strong></span> <span class='ocrx_word' id='word_1_16' title='bbox 554 773 746 836; x_wconf 89' lang='lat' dir='ltr'><strong>sententiam</strong></span> <span class='ocrx_word' id='word_1_17' title='bbox 776 773 816 835; x_wconf 92' lang='lat' dir='ltr'><strong>de</strong></span> <span class='ocrx_word' id='word_1_18' title='bbox 838 772 967 834; x_wconf 83' lang='lat' dir='ltr'>Priamo</span> <span class='ocrx_word' id='word_1_19' title='bbox 994 771 1112 834; x_wconf 89' lang='lat' dir='ltr'><strong>saetam</strong></span> <span class='ocrx_word' id='word_1_20' title='bbox 1141 771 1265 848; x_wconf 78' lang='lat' dir='ltr'><strong>attinet,</strong></span> <span class='ocrx_word' id='word_1_21' title='bbox 1294 770 1379 848; x_wconf 89' lang='lat' dir='ltr'><strong>mihi,</strong></span> 
     </span>
     <span class='ocr_line' id='line_1_5' title="bbox 200 873 1379 955; baseline -0.001 -20"><span class='ocrx_word' id='word_1_22' title='bbox 200 881 346 955; x_wconf 83' lang='lat' dir='ltr'><strong>supertes</strong></span> <span class='ocrx_word' id='word_1_23' title='bbox 370 873 508 937; x_wconf 87' lang='lat' dir='ltr'><strong>omnium</strong></span> <span class='ocrx_word' id='word_1_24' title='bbox 532 877 669 938; x_wconf 84' lang='lat' dir='ltr'><strong>suorum‘</strong></span> <span class='ocrx_word' id='word_1_25' title='bbox 692 875 798 938; x_wconf 90' lang='lat' dir='ltr'><strong>nullus</strong></span> <span class='ocrx_word' id='word_1_26' title='bbox 822 874 902 937; x_wconf 83' lang='lat' dir='ltr'><strong>alius</strong></span> <span class='ocrx_word' id='word_1_27' title='bbox 930 874 1057 937; x_wconf 84' lang='lat' dir='ltr'><strong>videtur</strong></span> <span class='ocrx_word' id='word_1_28' title='bbox 1085 892 1156 936; x_wconf 89' lang='lat' dir='ltr'><strong>esse</strong></span> <span class='ocrx_word' id='word_1_29' title='bbox 1184 893 1279 954; x_wconf 86' lang='lat' dir='ltr'><strong>quam</strong></span> <span class='ocrx_word' id='word_1_30' title='bbox 1306 893 1379 952; x_wconf 88' lang='lat' dir='ltr'><strong>,una</strong></span> 
     </span>
     <span class='ocr_line' id='line_1_6' title="bbox 201 977 962 1060; baseline 0.001 -22"><span class='ocrx_word' id='word_1_31' title='bbox 201 997 271 1039; x_wconf 92' lang='lat' dir='ltr'><strong>eum</strong></span> <span class='ocrx_word' id='word_1_32' title='bbox 294 977 401 1058; x_wconf 90' lang='lat' dir='ltr'><strong>patria</strong></span> <span class='ocrx_word' id='word_1_33' title='bbox 424 983 457 1040; x_wconf 90' lang='lat' dir='ltr'><strong>et</strong></span> <span class='ocrx_word' id='word_1_34' title='bbox 478 978 613 1059; x_wconf 90' lang='lat' dir='ltr'><strong>imperio</strong></span> <span class='ocrx_word' id='word_1_35' title='bbox 636 978 732 1060; x_wconf 89' lang='lat' dir='ltr'><strong>plane</strong></span> <span class='ocrx_word' id='word_1_36' title='bbox 756 978 962 1040; x_wconf 89' lang='lat' dir='ltr'><strong>interiturus‘.</strong></span> 
     </span>
    </p>
   </div>
   <div class='ocr_carea' id='block_1_5' title="bbox 199 1094 764 2716">
    <p class='ocr_par' dir='ltr' id='par_1_5' title="bbox 199 1094 764 2716">
     <span class='ocr_line' id='line_1_7' title="bbox 199 1094 764 1178; baseline 0.002 -20"><span class='ocrx_word' id='word_1_37' title='bbox 199 1095 257 1175; x_wconf 90' lang='lat' dir='ltr'>III,</span> <span class='ocrx_word' id='word_1_38' title='bbox 282 1094 323 1158; x_wconf 80' lang='lat'><strong>65</strong></span> <span class='ocrx_word' id='word_1_39' title='bbox 352 1095 478 1159; x_wconf 80' lang='lat' dir='ltr'><strong>Deinde</strong></span> <span class='ocrx_word' id='word_1_40' title='bbox 506 1116 571 1178; x_wconf 92' lang='lat' dir='ltr'><strong>spe</strong></span> <span class='ocrx_word' id='word_1_41' title='bbox 599 1097 764 1160; x_wconf 84' lang='lat' dir='ltr'><strong>affinitatis</strong></span> 
     </span>
     <span class='ocr_line' id='line_1_8' title="bbox 200 1198 763 1281; baseline 0.004 -21"><span class='ocrx_word' id='word_1_42' title='bbox 200 1218 238 1261; x_wconf 91' lang='lat' dir='ltr'><strong>ae</strong></span> <span class='ocrx_word' id='word_1_43' title='bbox 275 1198 515 1261; x_wconf 87' lang='lat' dir='ltr'><strong>tribuniciae</strong></span> <span class='ocrx_word' id='word_1_44' title='bbox 553 1201 763 1281; x_wconf 90' lang='lat' dir='ltr'><strong>potestatis</strong></span> 
     </span>
     <span class='ocr_line' id='line_1_9' title="bbox 200 1300 763 1384; baseline 0 -20"><span class='ocrx_word' id='word_1_45' title='bbox 200 1300 366 1382; x_wconf 91' lang='lat' dir='ltr'><strong>deceptum</strong></span> <span class='ocrx_word' id='word_1_46' title='bbox 378 1300 763 1384; x_wconf 64' lang='lat' dir='ltr'><strong>(Sejanummnopinan-</strong></span> 
     </span>
     <span class='ocr_line' id='line_1_10' title="bbox 199 1402 763 1485; baseline 0.002 -20"><span class='ocrx_word' id='word_1_47' title='bbox 199 1410 273 1465; x_wconf 90' lang='lat' dir='ltr'><strong>tem</strong></span> <span class='ocrx_word' id='word_1_48' title='bbox 285 1402 468 1466; x_wconf 79' lang='lat' dir='ltr'><strong>criminatus</strong></span> <span class='ocrx_word' id='word_1_49' title='bbox 483 1409 539 1482; x_wconf 90' lang='lat' dir='ltr'><strong>ost,</strong></span> <span class='ocrx_word' id='word_1_50' title='bbox 554 1404 763 1485; x_wconf 79' lang='lat' dir='ltr'><strong>pudenda...</strong></span> 
     </span>
     <span class='ocr_line' id='line_1_11' title="bbox 200 1505 666 1587; baseline 0.002 -19"><span class='ocrx_word' id='word_1_51' title='bbox 200 1505 357 1584; x_wconf 89' lang='lat' dir='ltr'><strong>oratione,</strong></span> <span class='ocrx_word' id='word_1_52' title='bbox 382 1513 666 1587; x_wconf 88' lang='lat' dir='ltr'><strong>cum....patres</strong></span> 
     </span>
     <span class='ocr_line' id='line_1_12' title="bbox 199 1609 763 1689; baseline 0.002 -19"><span class='ocrx_word' id='word_1_53' title='bbox 199 1613 397 1689; x_wconf 79' lang='lat' dir='ltr'><strong>precaretur,</strong></span> <span class='ocrx_word' id='word_1_54' title='bbox 438 1609 640 1671; x_wconf 83' lang='lat' dir='ltr'><strong>mitterent</strong></span> <span class='ocrx_word' id='word_1_55' title='bbox 673 1609 763 1671; x_wconf 89' lang='lat' dir='ltr'><strong>alte-</strong></span> 
     </span>
     <span class='ocr_line' id='line_1_13' title="bbox 199 1711 763 1793; baseline 0.004 -21"><span class='ocrx_word' id='word_1_56' title='bbox 199 1731 278 1773; x_wconf 93' lang='lat' dir='ltr'><strong>rum</strong></span> <span class='ocrx_word' id='word_1_57' title='bbox 312 1729 329 1772; x_wconf 91' lang='lat' dir='ltr'><strong>e</strong></span> <span class='ocrx_word' id='word_1_58' title='bbox 364 1711 605 1790; x_wconf 84' lang='lat' dir='ltr'><strong>consulibus,</strong></span> <span class='ocrx_word' id='word_1_59' title='bbox 641 1712 695 1793; x_wconf 87' lang='lat' dir='ltr'><strong>qui</strong></span> <span class='ocrx_word' id='word_1_60' title='bbox 728 1731 763 1774; x_wconf 90' lang='lat' dir='ltr'><strong>se</strong></span> 
     </span>
     <span class='ocr_line' id='line_1_14' title="bbox 200 1813 764 1896; baseline 0.004 -22"><span class='ocrx_word' id='word_1_61' title='bbox 200 1831 310 1875; x_wconf 87' lang='lat' dir='ltr'><strong>senem</strong></span> <span class='ocrx_word' id='word_1_62' title='bbox 332 1819 365 1874; x_wconf 92' lang='lat' dir='ltr'><strong>et</strong></span> <span class='ocrx_word' id='word_1_63' title='bbox 380 1813 482 1876; x_wconf 86' lang='lat' dir='ltr'><strong>selum</strong></span> <span class='ocrx_word' id='word_1_64' title='bbox 504 1815 537 1876; x_wconf 87' lang='lat' dir='ltr'><strong>iu</strong></span> <span class='ocrx_word' id='word_1_65' title='bbox 558 1822 764 1896; x_wconf 83' lang='lat' dir='ltr'><strong>conspectum</strong></span> 
     </span>
     <span class='ocr_line' id='line_1_15' title="bbox 200 1916 764 1997; baseline 0.005 -20"><span class='ocrx_word' id='word_1_66' title='bbox 200 1935 309 1978; x_wconf 93' lang='lat' dir='ltr'><strong>eorum</strong></span> <span class='ocrx_word' id='word_1_67' title='bbox 450 1916 651 1997; x_wconf 88' lang='lat' dir='ltr'><strong>perduceret.</strong></span> <span class='ocrx_word' id='word_1_68' title='bbox 711 1918 764 1982; x_wconf 80' lang='lat' dir='ltr'><strong>sie</strong></span> 
     </span>
     <span class='ocr_line' id='line_1_16' title="bbox 200 2018 763 2101; baseline 0.004 -22"><span class='ocrx_word' id='word_1_69' title='bbox 200 2037 327 2099; x_wconf 88' lang='lat' dir='ltr'><strong>quoque</strong></span> <span class='ocrx_word' id='word_1_70' title='bbox 360 2018 508 2081; x_wconf 86' lang='lat' dir='ltr'><strong>diffidens</strong></span> <span class='ocrx_word' id='word_1_71' title='bbox 536 2020 763 2101; x_wconf 85' lang='lat' dir='ltr'><strong>tumultumque</strong></span> 
     </span>
     <span class='ocr_line' id='line_1_17' title="bbox 200 2120 763 2204; baseline 0.007 -22"><span class='ocrx_word' id='word_1_72' title='bbox 200 2126 353 2200; x_wconf 70' lang='lat' dir='ltr'><strong>metucns</strong></span> <span class='ocrx_word' id='word_1_73' title='bbox 388 2120 548 2183; x_wconf 89' lang='lat' dir='ltr'><strong>Drusum</strong></span> <span class='ocrx_word' id='word_1_74' title='bbox 581 2129 763 2204; x_wconf 82' lang='lat' dir='ltr'><strong>nepotem</strong></span> 
     </span>
     <span class='ocr_line' id='line_1_18' title="bbox 201 2222 764 2305; baseline 0.009 -22"><span class='ocrx_word' id='word_1_75' title='bbox 201 2241 294 2305; x_wconf 89' lang='lat' dir='ltr'><strong>quem</strong></span> <span class='ocrx_word' id='word_1_76' title='bbox 330 2222 465 2286; x_wconf 89' lang='lat' dir='ltr'><strong>vinculis</strong></span> <span class='ocrx_word' id='word_1_77' title='bbox 503 2224 605 2288; x_wconf 80' lang='lat' dir='ltr'><strong>adhuc</strong></span> <span class='ocrx_word' id='word_1_78' title='bbox 641 2223 764 2288; x_wconf 88' lang='lat' dir='ltr'><strong>Romae</strong></span> 
     </span>
     <span class='ocr_line' id='line_1_19' title="bbox 200 2325 763 2411; baseline 0.005 -23"><span class='ocrx_word' id='word_1_79' title='bbox 200 2325 394 2404; x_wconf 86' lang='lat' dir='ltr'><strong>continebat,</strong></span> <span class='ocrx_word' id='word_1_80' title='bbox 430 2326 521 2406; x_wconf 86' lang='lat' dir='ltr'><strong>solvi,</strong></span> <span class='ocrx_word' id='word_1_81' title='bbox 557 2327 584 2389; x_wconf 90' lang='lat' dir='ltr'><strong>si</strong></span> <span class='ocrx_word' id='word_1_82' title='bbox 611 2346 664 2390; x_wconf 90' lang='lat' dir='ltr'><strong>res</strong></span> <span class='ocrx_word' id='word_1_83' title='bbox 691 2348 763 2411; x_wconf 91' lang='lat' dir='ltr'><strong>pos·</strong></span> 
     </span>
     <span class='ocr_line' id='line_1_20' title="bbox 200 2428 763 2510; baseline 0.005 -20"><span class='ocrx_word' id='word_1_84' title='bbox 200 2435 289 2491; x_wconf 90' lang='lat' dir='ltr'><strong>eeret</strong></span> <span class='ocrx_word' id='word_1_85' title='bbox 326 2428 533 2510; x_wconf 84' lang='lat' dir='ltr'><strong>ducemque</strong></span> <span class='ocrx_word' id='word_1_86' title='bbox 561 2430 763 2493; x_wconf 89' lang='lat' dir='ltr'><strong>constitui</strong></span> 
     </span>
     <span class='ocr_line' id='line_1_21' title="bbox 199 2533 762 2613; baseline 0.004 -21"><span class='ocrx_word' id='word_1_87' title='bbox 199 2537 470 2612; x_wconf 88' lang='lat' dir='ltr'><strong>praeceperat.</strong></span> <span class='ocrx_word' id='word_1_88' title='bbox 516 2533 672 2613; x_wconf 87' lang='lat' dir='ltr'><strong>Aptatis</strong></span> <span class='ocrx_word' id='word_1_89' title='bbox 697 2533 762 2594; x_wconf 91' lang='lat' dir='ltr'><strong>eti-</strong></span> 
     </span>
     <span class='ocr_line' id='line_1_22' title="bbox 200 2633 762 2716; baseline 0.005 -22"><span class='ocrx_word' id='word_1_90' title='bbox 200 2653 255 2694; x_wconf 90' lang='lat' dir='ltr'><strong>am</strong></span> <span class='ocrx_word' id='word_1_91' title='bbox 283 2633 444 2696; x_wconf 89' lang='lat' dir='ltr'><strong>navibus</strong></span> <span class='ocrx_word' id='word_1_92' title='bbox 474 2634 520 2696; x_wconf 88' lang='lat' dir='ltr'><strong>ad</strong></span> <span class='ocrx_word' id='word_1_93' title='bbox 548 2654 762 2716; x_wconf 88' lang='lat' dir='ltr'><strong>quascumque</strong></span> 
     </span>
    </p>
   </div>
   <div class='ocr_carea' id='block_1_6' title="bbox 816 1092 1417 2718">
    <p class='ocr_par' dir='ltr' id='par_1_6' title="bbox 816 1092 1417 2718">
     <span class='ocr_line' id='line_1_23' title="bbox 816 1092 1383 1179; baseline -0.004 -21"><span class='ocrx_word' id='word_1_94' title='bbox 816 1096 935 1167; x_wconf 87' lang='lat' dir='ltr'>LVIII,</span> <span class='ocrx_word' id='word_1_95' title='bbox 952 1098 971 1160; x_wconf 84' lang='grc'><strong>9</strong></span> <span class='ocrx_word' id='word_1_96' title='bbox 992 1097 1171 1179; x_wconf 63' lang='grc' dir='ltr'><em>προκαθεὶς</em></span> <span class='ocrx_word' id='word_1_97' title='bbox 1187 1092 1383 1177; x_wconf 73' lang='grc' dir='ltr'><em>τὸνλόγον</em></span> 
     </span>
     <span class='ocr_line' id='line_1_24' title="bbox 818 1193 1383 1282; baseline -0.007 -21"><span class='ocrx_word' id='word_1_98' title='bbox 818 1193 867 1261; x_wconf 73' lang='grc' dir='ltr'><strong>ὅτι</strong></span> <span class='ocrx_word' id='word_1_99' title='bbox 890 1196 957 1282; x_wconf 81' lang='grc' dir='ltr'><strong>τήν</strong></span> <span class='ocrx_word' id='word_1_100' title='bbox 979 1203 1017 1279; x_wconf 78' lang='grc' dir='ltr'><strong>γὲ</strong></span> <span class='ocrx_word' id='word_1_101' title='bbox 1043 1197 1227 1272; x_wconf 73' lang='grc' dir='ltr'><em>ἐξουσίαν</em></span> <span class='ocrx_word' id='word_1_102' title='bbox 1255 1195 1291 1258; x_wconf 77' lang='grc' dir='ltr'><strong>οἱ</strong></span> <span class='ocrx_word' id='word_1_103' title='bbox 1316 1193 1383 1279; x_wconf 79' lang='grc' dir='ltr'><strong>τὴν</strong></span> 
     </span>
     <span class='ocr_line' id='line_1_25' title="bbox 817 1296 1382 1383; baseline -0.005 -21"><span class='ocrx_word' id='word_1_104' title='bbox 817 1298 1059 1383; x_wconf 78' lang='grc' dir='ltr'><strong><em>δημαρχικὴν</em></strong></span> <span class='ocrx_word' id='word_1_105' title='bbox 1081 1301 1139 1382; x_wconf 61' lang='lat' dir='ltr'><strong>(eoi</strong></span> <span class='ocrx_word' id='word_1_106' title='bbox 1161 1301 1303 1383; x_wconf 79' lang='grc' dir='ltr'><em>Σηϊανῷ)</em></span> <span class='ocrx_word' id='word_1_107' title='bbox 1325 1296 1382 1360; x_wconf 78' lang='grc' dir='ltr'><strong>δώ-</strong></span> 
     </span>
     <span class='ocr_line' id='line_1_26' title="bbox 818 1396 1382 1487; baseline -0.004 -24"><span class='ocrx_word' id='word_1_108' title='bbox 818 1421 879 1474; x_wconf 87' lang='grc' dir='ltr'><em>σοι,</em></span> <span class='ocrx_word' id='word_1_109' title='bbox 903 1397 987 1477; x_wconf 79' lang='grc' dir='ltr'><em>ὅπως</em></span> <span class='ocrx_word' id='word_1_110' title='bbox 1010 1399 1248 1487; x_wconf 78' lang='grc' dir='ltr'><em>ἄπροςδόκητον</em></span> <span class='ocrx_word' id='word_1_111' title='bbox 1282 1396 1382 1464; x_wconf 79' lang='grc' dir='ltr'><em>αὐτὸν</em></span> 
     </span>
     <span class='ocr_line' id='line_1_27' title="bbox 818 1499 1382 1589; baseline -0.002 -23"><span class='ocrx_word' id='word_1_112' title='bbox 818 1500 870 1568; x_wconf 80' lang='grc' dir='ltr'><strong>ὅτι</strong></span> <span class='ocrx_word' id='word_1_113' title='bbox 891 1503 1037 1586; x_wconf 73' lang='grc' dir='ltr'><em>μάλιστα</em></span> <span class='ocrx_word' id='word_1_114' title='bbox 1059 1503 1206 1589; x_wconf 68' lang='grc' dir='ltr'><strong>λάβῃ...</strong></span> <span class='ocrx_word' id='word_1_115' title='bbox 1232 1506 1318 1568; x_wconf 86' lang='grc'><strong>10..</strong></span> <span class='ocrx_word' id='word_1_116' title='bbox 1342 1499 1382 1576; x_wconf 79' lang='grc' dir='ltr'><strong>ὡς</strong></span> 
     </span>
     <span class='ocr_line' id='line_1_28' title="bbox 817 1602 1380 1690; baseline -0.005 -21"><span class='ocrx_word' id='word_1_117' title='bbox 817 1609 891 1689; x_wconf 80' lang='grc' dir='ltr'><em>γοῦν</em></span> <span class='ocrx_word' id='word_1_118' title='bbox 924 1602 998 1671; x_wconf 70' lang='grc' dir='ltr'><strong>οὐδὲ</strong></span> <span class='ocrx_word' id='word_1_119' title='bbox 1031 1606 1088 1690; x_wconf 73' lang='grc' dir='ltr'><strong>τὴν</strong></span> <span class='ocrx_word' id='word_1_120' title='bbox 1121 1603 1196 1669; x_wconf 78' lang='grc' dir='ltr'><em>ὁδὸν</em></span> <span class='ocrx_word' id='word_1_121' title='bbox 1224 1603 1380 1688; x_wconf 78' lang='grc' dir='ltr'><em>ἀσφαλῶς</em></span> 
     </span>
     <span class='ocr_line' id='line_1_29' title="bbox 816 1708 1382 1794; baseline -0.005 -22"><span class='ocrx_word' id='word_1_122' title='bbox 816 1708 1024 1794; x_wconf 66' lang='grc' dir='ltr'><em>ποιήσασθαι</em></span> <span class='ocrx_word' id='word_1_123' title='bbox 1047 1709 1232 1791; x_wconf 79' lang='grc' dir='ltr'><em>δυνάμενος,</em></span> <span class='ocrx_word' id='word_1_124' title='bbox 1267 1710 1333 1771; x_wconf 77' lang='grc' dir='ltr'><strong>τόν</strong></span> <span class='ocrx_word' id='word_1_125' title='bbox 1355 1710 1382 1769; x_wconf 66' lang='lat' dir='ltr'><strong>el</strong></span> 
     </span>
     <span class='ocr_line' id='line_1_30' title="bbox 817 1808 1383 1895; baseline -0.007 -19"><span class='ocrx_word' id='word_1_126' title='bbox 817 1836 930 1895; x_wconf 80' lang='grc' dir='ltr'><strong><em>τερον</em></strong></span> <span class='ocrx_word' id='word_1_127' title='bbox 941 1814 1014 1876; x_wconf 77' lang='grc' dir='ltr'><strong>τῶν</strong></span> <span class='ocrx_word' id='word_1_128' title='bbox 1030 1808 1187 1877; x_wconf 76' lang='grc' dir='ltr'><em>ὑπάτων</em></span> <span class='ocrx_word' id='word_1_129' title='bbox 1201 1819 1383 1894; x_wconf 79' lang='grc' dir='ltr'><em>μετεπέμ-</em></span> 
     </span>
     <span class='ocr_line' id='line_1_31' title="bbox 818 1913 1383 2001; baseline -0.005 -23"><span class='ocrx_word' id='word_1_130' title='bbox 818 1928 983 2001; x_wconf 81' lang='grc' dir='ltr'><strong>ψατο...</strong></span> <span class='ocrx_word' id='word_1_131' title='bbox 1011 1916 1116 1978; x_wconf 84' lang='grc'><strong>13...</strong></span> <span class='ocrx_word' id='word_1_132' title='bbox 1144 1913 1261 1977; x_wconf 77' lang='grc' dir='ltr'><em>πλοῖα</em></span> <span class='ocrx_word' id='word_1_133' title='bbox 1294 1936 1383 1995; x_wconf 83' lang='grc' dir='ltr'><em>παρ-</em></span> 
     </span>
     <span class='ocr_line' id='line_1_32' title="bbox 817 2013 1383 2092; baseline -0.002 -12"><span class='ocrx_word' id='word_1_134' title='bbox 817 2015 1076 2090; x_wconf 79' lang='grc' dir='ltr'><em>εσκευάσατο,</em></span> <span class='ocrx_word' id='word_1_135' title='bbox 1106 2016 1170 2092; x_wconf 81' lang='grc' dir='ltr'><em>ἵνα,</em></span> <span class='ocrx_word' id='word_1_136' title='bbox 1199 2013 1241 2080; x_wconf 81' lang='grc' dir='ltr'><strong>ἄν</strong></span> <span class='ocrx_word' id='word_1_137' title='bbox 1263 2040 1296 2081; x_wconf 80' lang='grc' dir='ltr'><strong>τι</strong></span> <span class='ocrx_word' id='word_1_138' title='bbox 1319 2041 1383 2080; x_wconf 81' lang='grc' dir='ltr'><em>τοι·</em></span> 
     </span>
     <span class='ocr_line' id='line_1_33' title="bbox 816 2119 1384 2206; baseline -0.009 -21"><span class='ocrx_word' id='word_1_139' title='bbox 816 2125 894 2185; x_wconf 81' lang='grc' dir='ltr'><em>οὗτο</em></span> <span class='ocrx_word' id='word_1_140' title='bbox 918 2123 1033 2206; x_wconf 70' lang='grc' dir='ltr'><em>συμβῇ,</em></span> <span class='ocrx_word' id='word_1_141' title='bbox 1068 2119 1251 2206; x_wconf 74' lang='grc' dir='ltr'><em>διαφύγῃ,</em></span> <span class='ocrx_word' id='word_1_142' title='bbox 1279 2120 1324 2200; x_wconf 77' lang='grc' dir='ltr'><strong>τῷ</strong></span> <span class='ocrx_word' id='word_1_143' title='bbox 1346 2143 1384 2181; x_wconf 79' lang='grc' dir='ltr'><strong>τε</strong></span> 
     </span>
     <span class='ocr_line' id='line_1_34' title="bbox 817 2219 1383 2306; baseline -0.007 -19"><span class='ocrx_word' id='word_1_144' title='bbox 817 2222 985 2306; x_wconf 84' lang='grc' dir='ltr'><em>Μάκρωνι,</em></span> <span class='ocrx_word' id='word_1_145' title='bbox 1015 2219 1055 2298; x_wconf 80' lang='grc' dir='ltr'><strong>ὥς</strong></span> <span class='ocrx_word' id='word_1_146' title='bbox 1078 2229 1162 2297; x_wconf 80' lang='grc' dir='ltr'><em>τινές</em></span> <span class='ocrx_word' id='word_1_147' title='bbox 1186 2242 1298 2304; x_wconf 80' lang='grc' dir='ltr'><em>φασιν,</em></span> <span class='ocrx_word' id='word_1_148' title='bbox 1332 2223 1383 2283; x_wconf 82' lang='grc' dir='ltr'><strong>ἐν·</strong></span> 
     </span>
     <span class='ocr_line' id='line_1_35' title="bbox 817 2321 1417 2409; baseline -0.007 -21"><span class='ocrx_word' id='word_1_149' title='bbox 817 2325 1010 2400; x_wconf 65' lang='lat' dir='ltr'><strong>essitare,</strong></span> <span class='ocrx_word' id='word_1_150' title='bbox 1028 2321 1133 2400; x_wconf 65' lang='grc' dir='ltr'><strong>*ἶν’πως,</strong></span> <span class='ocrx_word' id='word_1_151' title='bbox 1163 2321 1204 2388; x_wconf 81' lang='grc' dir='ltr'><strong>ἄν</strong></span> <span class='ocrx_word' id='word_1_152' title='bbox 1226 2349 1258 2388; x_wconf 81' lang='grc' dir='ltr'><strong>τι</strong></span> <span class='ocrx_word' id='word_1_153' title='bbox 1280 2347 1384 2409; x_wconf 81' lang='grc' dir='ltr'><em>παρα·</em></span> <span class='ocrx_word' id='word_1_154' title='bbox 1413 2379 1417 2385; x_wconf 93' lang='grc'><em>,</em></span> 
     </span>
     <span class='ocr_line' id='line_1_36' title="bbox 817 2426 1383 2514; baseline -0.007 -22"><span class='ocrx_word' id='word_1_155' title='bbox 817 2428 939 2514; x_wconf 73' lang='grc' dir='ltr'><em>κινήσῃ,</em></span> <span class='ocrx_word' id='word_1_156' title='bbox 973 2426 1038 2491; x_wconf 78' lang='grc' dir='ltr'><strong>τὸν</strong></span> <span class='ocrx_word' id='word_1_157' title='bbox 1070 2428 1247 2512; x_wconf 78' lang='grc' dir='ltr'><em>Δροῦσον</em></span> <span class='ocrx_word' id='word_1_158' title='bbox 1281 2427 1311 2502; x_wconf 78' lang='grc' dir='ltr'><strong>ἔς</strong></span> <span class='ocrx_word' id='word_1_159' title='bbox 1344 2451 1383 2490; x_wconf 77' lang='grc' dir='ltr'><strong>τε</strong></span> 
     </span>
     <span class='ocr_line' id='line_1_37' title="bbox 816 2529 1382 2614; baseline -0.004 -21"><span class='ocrx_word' id='word_1_160' title='bbox 816 2529 872 2614; x_wconf 79' lang='grc' dir='ltr'><strong>τὴν</strong></span> <span class='ocrx_word' id='word_1_161' title='bbox 894 2529 1012 2614; x_wconf 78' lang='grc' dir='ltr'><em>βουλὴν</em></span> <span class='ocrx_word' id='word_1_162' title='bbox 1034 2533 1088 2594; x_wconf 81' lang='grc' dir='ltr'><strong>καὶ</strong></span> <span class='ocrx_word' id='word_1_163' title='bbox 1112 2534 1148 2605; x_wconf 77' lang='grc' dir='ltr'><strong>ἐς</strong></span> <span class='ocrx_word' id='word_1_164' title='bbox 1171 2529 1239 2594; x_wconf 77' lang='grc' dir='ltr'><strong>τὸν</strong></span> <span class='ocrx_word' id='word_1_165' title='bbox 1261 2530 1382 2614; x_wconf 78' lang='grc' dir='ltr'><em>δῆμον</em></span> 
     </span>
     <span class='ocr_line' id='line_1_38' title="bbox 816 2631 1381 2718; baseline 0 -23"><span class='ocrx_word' id='word_1_166' title='bbox 816 2631 984 2718; x_wconf 75' lang='grc' dir='ltr'><em>ἐσαγάγῃ</em></span> <span class='ocrx_word' id='word_1_167' title='bbox 1012 2639 1075 2696; x_wconf 75' lang='grc' dir='ltr'><strong>καὶ</strong></span> <span class='ocrx_word' id='word_1_168' title='bbox 1104 2631 1381 2716; x_wconf 77' lang='grc' dir='ltr'><em>αὐτοκράτορα</em></span> 
     </span>
    </p>
   </div>
   <div class='ocr_carea' id='block_1_7' title="bbox 199 2733 980 2822">
    <p class='ocr_par' dir='ltr' id='par_1_7' title="bbox 199 2733 980 2822">
     <span class='ocr_line' id='line_1_39' title="bbox 199 2733 980 2822; baseline 0.001 -26"><span class='ocrx_word' id='word_1_169' title='bbox 199 2734 344 2816; x_wconf 80' lang='lat' dir='ltr'><strong>legiones</strong></span> <span class='ocrx_word' id='word_1_170' title='bbox 367 2735 581 2798; x_wconf 86' lang='lat' dir='ltr'><strong>meditabatur</strong></span> <span class='ocrx_word' id='word_1_171' title='bbox 604 2736 620 2798; x_wconf 83' lang='lat' dir='ltr'>I</span> <span class='ocrx_word' id='word_1_172' title='bbox 624 2757 738 2818; x_wconf 84' lang='lat' dir='ltr'><strong>agam.</strong></span> <span class='ocrx_word' id='word_1_173' title='bbox 816 2733 980 2822; x_wconf 70' lang='grc' dir='ltr'><em>ἀποδείξῃ.</em></span> 
     </span>
    </p>
   </div>
   <div class='ocr_carea' id='block_1_8' title="bbox 164 2871 1384 3875">
    <p class='ocr_par' dir='ltr' id='par_1_8' title="bbox 164 2871 1384 3875">
     <span class='ocr_line' id='line_1_40' title="bbox 306 2871 1380 2955; baseline -0.001 -19"><span class='ocrx_word' id='word_1_174' title='bbox 306 2871 438 2948; x_wconf 84' lang='lat' dir='ltr'><strong>Occurit</strong></span> <span class='ocrx_word' id='word_1_175' title='bbox 452 2873 550 2955; x_wconf 86' lang='lat' dir='ltr'><strong>igitur</strong></span> <span class='ocrx_word' id='word_1_176' title='bbox 562 2873 654 2936; x_wconf 87' lang='lat' dir='ltr'><strong>nobis</strong></span> <span class='ocrx_word' id='word_1_177' title='bbox 666 2873 839 2936; x_wconf 89' lang='lat' dir='ltr'><strong>similitudo</strong></span> <span class='ocrx_word' id='word_1_178' title='bbox 853 2875 950 2937; x_wconf 87' lang='lat' dir='ltr'><strong>etiam</strong></span> <span class='ocrx_word' id='word_1_179' title='bbox 964 2875 997 2937; x_wconf 92' lang='lat' dir='ltr'><strong>in</strong></span> <span class='ocrx_word' id='word_1_180' title='bbox 1013 2875 1165 2939; x_wconf 92' lang='lat' dir='ltr'><strong>continua</strong></span> <span class='ocrx_word' id='word_1_181' title='bbox 1180 2874 1380 2937; x_wconf 87' lang='lat' dir='ltr'><strong>narratione.</strong></span> 
     </span>
     <span class='ocr_line' id='line_1_41' title="bbox 199 2973 1382 3057; baseline 0 -19"><span class='ocrx_word' id='word_1_182' title='bbox 199 2973 387 3056; x_wconf 83' lang='lat' dir='ltr'><strong>Numquae</strong></span> <span class='ocrx_word' id='word_1_183' title='bbox 421 2976 524 3039; x_wconf 89' lang='lat' dir='ltr'><strong>adhue</strong></span> <span class='ocrx_word' id='word_1_184' title='bbox 557 2976 721 3057; x_wconf 90' lang='lat' dir='ltr'><strong>adscripta</strong></span> <span class='ocrx_word' id='word_1_185' title='bbox 755 2982 855 3055; x_wconf 91' lang='lat' dir='ltr'><strong>erant,</strong></span> <span class='ocrx_word' id='word_1_186' title='bbox 890 2983 1013 3039; x_wconf 89' lang='lat' dir='ltr'><strong>tantum</strong></span> <span class='ocrx_word' id='word_1_187' title='bbox 1045 2976 1157 3039; x_wconf 80' lang='lat' dir='ltr'><strong>breuia</strong></span> <span class='ocrx_word' id='word_1_188' title='bbox 1191 2983 1273 3039; x_wconf 92' lang='lat' dir='ltr'><strong>sunt.</strong></span> <span class='ocrx_word' id='word_1_189' title='bbox 1332 2979 1382 3038; x_wconf 80' lang='lat' dir='ltr'><strong>Ac</strong></span> 
     </span>
     <span class='ocr_line' id='line_1_42' title="bbox 200 3076 1382 3168; baseline 0.002 -30"><span class='ocrx_word' id='word_1_190' title='bbox 200 3076 370 3158; x_wconf 83' lang='lat' dir='ltr'><strong>singularis</strong></span> <span class='ocrx_word' id='word_1_191' title='bbox 414 3078 464 3142; x_wconf 90' lang='lat' dir='ltr'><strong>hie</strong></span> <span class='ocrx_word' id='word_1_192' title='bbox 498 3078 595 3168; x_wconf 87' lang='lat' dir='ltr'><strong>loeus</strong></span> <span class='ocrx_word' id='word_1_193' title='bbox 622 3079 740 3158; x_wconf 77' lang='lat' dir='ltr'><strong>existit,</strong></span> <span class='ocrx_word' id='word_1_194' title='bbox 774 3079 860 3159; x_wconf 84' lang='lat' dir='ltr'><strong>quod</strong></span> <span class='ocrx_word' id='word_1_195' title='bbox 893 3100 957 3142; x_wconf 91' lang='lat' dir='ltr'><strong>non</strong></span> <span class='ocrx_word' id='word_1_196' title='bbox 985 3080 1097 3141; x_wconf 91' lang='lat' dir='ltr'><strong>mirum</strong></span> <span class='ocrx_word' id='word_1_197' title='bbox 1127 3085 1185 3158; x_wconf 90' lang='lat' dir='ltr'><strong>cst,</strong></span> <span class='ocrx_word' id='word_1_198' title='bbox 1221 3080 1248 3141; x_wconf 91' lang='lat' dir='ltr'><strong>si</strong></span> <span class='ocrx_word' id='word_1_199' title='bbox 1277 3079 1382 3141; x_wconf 71' lang='lat' dir='ltr'><strong>&#39;I&#39;aeiti</strong></span> 
     </span>
     <span class='ocr_line' id='line_1_43' title="bbox 199 3179 1380 3263; baseline 0 -21"><span class='ocrx_word' id='word_1_200' title='bbox 199 3179 314 3242; x_wconf 89' lang='lat' dir='ltr'><strong>librum</strong></span> <span class='ocrx_word' id='word_1_201' title='bbox 338 3180 480 3262; x_wconf 88' lang='lat' dir='ltr'><strong>quintum</strong></span> <span class='ocrx_word' id='word_1_202' title='bbox 503 3181 640 3263; x_wconf 85' lang='lat' dir='ltr'><strong>periisse</strong></span> <span class='ocrx_word' id='word_1_203' title='bbox 662 3200 820 3244; x_wconf 89' lang='lat' dir='ltr'><strong>memores</strong></span> <span class='ocrx_word' id='word_1_204' title='bbox 844 3201 959 3244; x_wconf 88' lang='lat' dir='ltr'><strong>sumus.</strong></span> <span class='ocrx_word' id='word_1_205' title='bbox 994 3181 1147 3244; x_wconf 85' lang='lat' dir='ltr'><strong>Fortasse</strong></span> <span class='ocrx_word' id='word_1_206' title='bbox 1162 3182 1277 3244; x_wconf 77' lang='lat' dir='ltr'><strong>tertius</strong></span> <span class='ocrx_word' id='word_1_207' title='bbox 1301 3187 1380 3260; x_wconf 89' lang='lat' dir='ltr'><strong>erat,</strong></span> 
     </span>
     <span class='ocr_line' id='line_1_44' title="bbox 200 3281 1378 3365; baseline 0.001 -22"><span class='ocrx_word' id='word_1_208' title='bbox 200 3281 254 3362; x_wconf 92' lang='lat' dir='ltr'><strong>qui</strong></span> <span class='ocrx_word' id='word_1_209' title='bbox 281 3282 348 3344; x_wconf 88' lang='lat' dir='ltr'><strong>fere</strong></span> <span class='ocrx_word' id='word_1_210' title='bbox 378 3282 491 3345; x_wconf 85' lang='lat' dir='ltr'><strong>eodem</strong></span> <span class='ocrx_word' id='word_1_211' title='bbox 518 3283 612 3345; x_wconf 83' lang='lat' dir='ltr'><strong>modo</strong></span> <span class='ocrx_word' id='word_1_212' title='bbox 640 3283 680 3345; x_wconf 92' lang='lat' dir='ltr'><strong>de</strong></span> <span class='ocrx_word' id='word_1_213' title='bbox 707 3282 816 3363; x_wconf 83' lang='lat' dir='ltr'><strong>Sejani</strong></span> <span class='ocrx_word' id='word_1_214' title='bbox 851 3282 1082 3365; x_wconf 88' lang='lat' dir='ltr'><strong>conjuratione,</strong></span> <span class='ocrx_word' id='word_1_215' title='bbox 1118 3303 1201 3365; x_wconf 82' lang='lat' dir='ltr'><strong>quae</strong></span> <span class='ocrx_word' id='word_1_216' title='bbox 1235 3289 1378 3362; x_wconf 82' lang='lat' dir='ltr'><strong>uocatur,</strong></span> 
     </span>
     <span class='ocr_line' id='line_1_45' title="bbox 198 3383 1381 3468; baseline 0 -22"><span class='ocrx_word' id='word_1_217' title='bbox 198 3385 351 3446; x_wconf 72' lang='lat' dir='ltr'><strong>narramt.</strong></span> <span class='ocrx_word' id='word_1_218' title='bbox 391 3383 483 3460; x_wconf 74' lang='lat' dir='ltr'><strong>Quod</strong></span> <span class='ocrx_word' id='word_1_219' title='bbox 506 3404 544 3448; x_wconf 92' lang='lat' dir='ltr'><strong>eo</strong></span> <span class='ocrx_word' id='word_1_220' title='bbox 560 3385 661 3466; x_wconf 80' lang='lat' dir='ltr'><strong>magis</strong></span> <span class='ocrx_word' id='word_1_221' title='bbox 678 3386 795 3466; x_wconf 86' lang='lat' dir='ltr'><strong>conjici</strong></span> <span class='ocrx_word' id='word_1_222' title='bbox 809 3392 925 3466; x_wconf 87' lang='lat' dir='ltr'><strong>potest,</strong></span> <span class='ocrx_word' id='word_1_223' title='bbox 952 3385 1026 3468; x_wconf 88' lang='lat' dir='ltr'><strong>quia</strong></span> <span class='ocrx_word' id='word_1_224' title='bbox 1042 3386 1199 3466; x_wconf 81' lang='lat' dir='ltr'><strong>particula</strong></span> <span class='ocrx_word' id='word_1_225' title='bbox 1224 3385 1381 3466; x_wconf 89' lang='lat' dir='ltr'><strong>quaedam</strong></span> 
     </span>
     <span class='ocr_line' id='line_1_46' title="bbox 164 3487 1382 3569; baseline 0.002 -23"><span class='ocrx_word' id='word_1_226' title='bbox 164 3527 180 3546; x_wconf 38' lang='lat' dir='ltr'>x</span> <span class='ocrx_word' id='word_1_227' title='bbox 198 3487 393 3549; x_wconf 85' lang='lat' dir='ltr'><strong>narrationis</strong></span> <span class='ocrx_word' id='word_1_228' title='bbox 410 3487 603 3568; x_wconf 78' lang='lat' dir='ltr'><strong>adscriptae,</strong></span> <span class='ocrx_word' id='word_1_229' title='bbox 626 3488 659 3548; x_wconf 91' lang='lat' dir='ltr'><strong>in</strong></span> <span class='ocrx_word' id='word_1_230' title='bbox 675 3508 737 3568; x_wconf 85' lang='lat' dir='ltr'><strong>qua</strong></span> <span class='ocrx_word' id='word_1_231' title='bbox 753 3489 793 3550; x_wconf 86' lang='lat' dir='ltr'><strong>de</strong></span> <span class='ocrx_word' id='word_1_232' title='bbox 809 3489 914 3550; x_wconf 91' lang='lat' dir='ltr'><strong>Druso</strong></span> <span class='ocrx_word' id='word_1_233' title='bbox 931 3494 1049 3569; x_wconf 90' lang='lat' dir='ltr'><strong>nepote</strong></span> <span class='ocrx_word' id='word_1_234' title='bbox 1071 3488 1184 3568; x_wconf 75' lang='lat' dir='ltr'><strong>¹igitur,</strong></span> <span class='ocrx_word' id='word_1_235' title='bbox 1209 3488 1241 3549; x_wconf 91' lang='lat' dir='ltr'><strong>in</strong></span> <span class='ocrx_word' id='word_1_236' title='bbox 1258 3487 1382 3566; x_wconf 85' lang='lat' dir='ltr'><strong>Tacite,</strong></span> 
     </span>
     <span class='ocr_line' id='line_1_47' title="bbox 199 3588 1382 3671; baseline -0.001 -19"><span class='ocrx_word' id='word_1_237' title='bbox 199 3589 256 3652; x_wconf 89' lang='lat' dir='ltr'><strong>sed</strong></span> <span class='ocrx_word' id='word_1_238' title='bbox 278 3596 392 3670; x_wconf 90' lang='lat' dir='ltr'><strong>postea</strong></span> <span class='ocrx_word' id='word_1_239' title='bbox 416 3589 485 3671; x_wconf 87' lang='lat' dir='ltr'>(VI,</span> <span class='ocrx_word' id='word_1_240' title='bbox 511 3590 564 3668; x_wconf 79' lang='lat'><strong>23)</strong></span> <span class='ocrx_word' id='word_1_241' title='bbox 588 3590 759 3653; x_wconf 89' lang='lat' dir='ltr'><strong>invenitur.</strong></span> <span class='ocrx_word' id='word_1_242' title='bbox 803 3591 853 3653; x_wconf 91' lang='lat' dir='ltr'><strong>Dc</strong></span> <span class='ocrx_word' id='word_1_243' title='bbox 876 3610 939 3670; x_wconf 84' lang='lat' dir='ltr'><strong>qua</strong></span> <span class='ocrx_word' id='word_1_244' title='bbox 960 3609 996 3652; x_wconf 93' lang='lat' dir='ltr'><strong>rc</strong></span> <span class='ocrx_word' id='word_1_245' title='bbox 1014 3589 1083 3671; x_wconf 85' lang='lat' dir='ltr'><strong>jam</strong></span> <span class='ocrx_word' id='word_1_246' title='bbox 1105 3588 1263 3671; x_wconf 86' lang='lat' dir='ltr'><strong>inpriore</strong></span> <span class='ocrx_word' id='word_1_247' title='bbox 1289 3595 1382 3670; x_wconf 88' lang='lat' dir='ltr'><strong>parte</strong></span> 
     </span>
     <span class='ocr_line' id='line_1_48' title="bbox 198 3691 1384 3775; baseline 0 -22"><span class='ocrx_word' id='word_1_248' title='bbox 198 3691 425 3754; x_wconf 89' lang='lat' dir='ltr'><strong>locutisumus</strong></span> <span class='ocrx_word' id='word_1_249' title='bbox 449 3692 601 3754; x_wconf 83' lang='lat' dir='ltr'><strong>edilium</strong></span> <span class='ocrx_word' id='word_1_250' title='bbox 624 3693 728 3755; x_wconf 89' lang='lat' dir='ltr'><strong>Iocum</strong></span> <span class='ocrx_word' id='word_1_251' title='bbox 751 3700 935 3774; x_wconf 89' lang='lat' dir='ltr'><strong>spectantes</strong></span> <span class='ocrx_word' id='word_1_252' title='bbox 960 3692 1050 3775; x_wconf 82' lang='lat' dir='ltr'><strong>(Tac.</strong></span> <span class='ocrx_word' id='word_1_253' title='bbox 1086 3712 1157 3754; x_wconf 90' lang='lat' dir='ltr'><strong>aun.</strong></span> <span class='ocrx_word' id='word_1_254' title='bbox 1182 3692 1238 3770; x_wconf 89' lang='lat' dir='ltr'><strong>VI,</strong></span> <span class='ocrx_word' id='word_1_255' title='bbox 1275 3693 1315 3754; x_wconf 78' lang='lat'><strong>23</strong></span> <span class='ocrx_word' id='word_1_256' title='bbox 1351 3697 1384 3753; x_wconf 92' lang='lat' dir='ltr'><strong>et</strong></span> 
     </span>
     <span class='ocr_line' id='line_1_49' title="bbox 198 3792 520 3875; baseline 0 -19"><span class='ocrx_word' id='word_1_257' title='bbox 198 3793 287 3856; x_wconf 82' lang='lat' dir='ltr'><strong>Cass.</strong></span> <span class='ocrx_word' id='word_1_258' title='bbox 311 3792 430 3872; x_wconf 86' lang='lat' dir='ltr'>LVIII,</span> <span class='ocrx_word' id='word_1_259' title='bbox 458 3793 520 3875; x_wconf 61' lang='lat'><strong>23).</strong></span> 
     </span>
    </p>
   </div>
   <div class='ocr_carea' id='block_1_9' title="bbox 196 3927 1386 4415">
    <p class='ocr_par' dir='ltr' id='par_1_9' title="bbox 196 3927 1386 4415">
     <span class='ocr_line' id='line_1_50' title="bbox 196 3927 1386 4012; baseline -0.004 -18"><span class='ocrx_word' id='word_1_260' title='bbox 196 3930 256 4008; x_wconf 87' lang='lat' dir='ltr'>III,</span> <span class='ocrx_word' id='word_1_261' title='bbox 282 3930 320 3991; x_wconf 84' lang='grc'><strong>71</strong></span> <span class='ocrx_word' id='word_1_262' title='bbox 338 3950 408 3993; x_wconf 93' lang='lat' dir='ltr'><strong>eum</strong></span> <span class='ocrx_word' id='word_1_263' title='bbox 430 3929 463 3992; x_wconf 91' lang='lat' dir='ltr'><strong>in</strong></span> <span class='ocrx_word' id='word_1_264' title='bbox 480 3931 617 4012; x_wconf 80' lang='lat' dir='ltr'><strong>quodam</strong></span> <span class='ocrx_word' id='word_1_265' title='bbox 633 3932 764 3994; x_wconf 89' lang='lat' dir='ltr'><strong>decreto</strong></span> <span class='ocrx_word' id='word_1_266' title='bbox 818 3931 921 4004; x_wconf 85' lang='lat' dir='ltr'>LVII,</span> <span class='ocrx_word' id='word_1_267' title='bbox 947 3931 986 3994; x_wconf 81' lang='lat'><strong>15</strong></span> <span class='ocrx_word' id='word_1_268' title='bbox 1020 3931 1090 3993; x_wconf 72' lang='grc' dir='ltr'><strong>ἐπεὶ</strong></span> <span class='ocrx_word' id='word_1_269' title='bbox 1123 3929 1158 3992; x_wconf 80' lang='grc' dir='ltr'><strong>δὲ</strong></span> <span class='ocrx_word' id='word_1_270' title='bbox 1186 3927 1386 4012; x_wconf 58' lang='lat' dir='ltr'><strong>eina-tiqra-</strong></span> 
     </span>
     <span class='ocr_line' id='line_1_51' title="bbox 197 4028 1385 4116; baseline -0.004 -20"><span class='ocrx_word' id='word_1_271' title='bbox 197 4040 325 4116; x_wconf 91' lang='lat' dir='ltr'><strong>patrum</strong></span> <span class='ocrx_word' id='word_1_272' title='bbox 359 4029 536 4116; x_wconf 69' lang='grc' dir='ltr'><em>ἔμβλρμα</em></span> <span class='ocrx_word' id='word_1_273' title='bbox 565 4034 764 4114; x_wconf 89' lang='lat' dir='ltr'><strong>recitaretur,</strong></span> <span class='ocrx_word' id='word_1_274' title='bbox 818 4055 913 4106; x_wconf 79' lang='grc' dir='ltr'><em>τινες,</em></span> <span class='ocrx_word' id='word_1_275' title='bbox 951 4032 981 4095; x_wconf 76' lang='grc' dir='ltr'><strong>εἰ</strong></span> <span class='ocrx_word' id='word_1_276' title='bbox 1017 4035 1071 4094; x_wconf 76' lang='grc' dir='ltr'><strong>καὶ</strong></span> <span class='ocrx_word' id='word_1_277' title='bbox 1108 4032 1149 4096; x_wconf 73' lang='grc' dir='ltr'><strong>τὰ</strong></span> <span class='ocrx_word' id='word_1_278' title='bbox 1188 4029 1309 4115; x_wconf 64' lang='grc' dir='ltr'><em>ἀργυρᾶ</em></span> <span class='ocrx_word' id='word_1_279' title='bbox 1342 4028 1385 4093; x_wconf 80' lang='grc' dir='ltr'><strong>τὰ</strong></span> 
     </span>
     <span class='ocr_line' id='line_1_52' title="bbox 198 4129 1385 4218; baseline -0.003 -20"><span class='ocrx_word' id='word_1_280' title='bbox 198 4136 502 4199; x_wconf 84' lang='lat' dir='ltr'><strong>commutandam</strong></span> <span class='ocrx_word' id='word_1_281' title='bbox 524 4136 678 4199; x_wconf 81' lang='lat' dir='ltr'><strong>censuIt</strong></span> <span class='ocrx_word' id='word_1_282' title='bbox 707 4156 765 4198; x_wconf 91' lang='lat' dir='ltr'><strong>v0·</strong></span> <span class='ocrx_word' id='word_1_283' title='bbox 819 4135 957 4218; x_wconf 77' lang='grc' dir='ltr'><em>χρυσοῦν</em></span> <span class='ocrx_word' id='word_1_284' title='bbox 979 4133 1309 4218; x_wconf 56' lang='grc' dir='ltr'><strong>τιέᾃιβλημαέῇροντα</strong></span> <span class='ocrx_word' id='word_1_285' title='bbox 1326 4129 1385 4194; x_wconf 75' lang='grc' dir='ltr'><strong>ἀπ-</strong></span> 
     </span>
     <span class='ocr_line' id='line_1_53' title="bbox 198 4235 1383 4321; baseline -0.003 -21"><span class='ocrx_word' id='word_1_286' title='bbox 198 4257 277 4300; x_wconf 87' lang='lat' dir='ltr'><strong>eem</strong></span> <span class='ocrx_word' id='word_1_287' title='bbox 419 4238 581 4302; x_wconf 73' lang='lat' dir='ltr'><strong>Militem</strong></span> <span class='ocrx_word' id='word_1_288' title='bbox 614 4257 766 4320; x_wconf 89' lang='lat' dir='ltr'><strong>quoque</strong></span> <span class='ocrx_word' id='word_1_289' title='bbox 819 4244 1028 4320; x_wconf 81' lang='grc' dir='ltr'><em>ηγορεομένον</em></span> <span class='ocrx_word' id='word_1_290' title='bbox 1052 4242 1167 4319; x_wconf 78' lang='grc' dir='ltr'><em>σφίσιν</em></span> <span class='ocrx_word' id='word_1_291' title='bbox 1190 4235 1383 4321; x_wconf 76' lang='grc' dir='ltr'><em>εἴηκεκνῆσ-</em></span> 
     </span>
     <span class='ocr_line' id='line_1_54' title="bbox 198 4335 1386 4415; baseline -0.003 -11"><span class='ocrx_word' id='word_1_292' title='bbox 198 4340 348 4404; x_wconf 85' lang='lat' dir='ltr'><strong>Graece</strong></span> <span class='ocrx_word' id='word_1_293' title='bbox 370 4340 766 4403; x_wconf 73' lang='lat' dir='ltr'><strong>testimoninminter-</strong></span> <span class='ocrx_word' id='word_1_294' title='bbox 820 4343 947 4402; x_wconf 65' lang='grc' dir='ltr'><strong>θαι...</strong></span> <span class='ocrx_word' id='word_1_295' title='bbox 976 4338 1136 4403; x_wconf 71' lang='grc' dir='ltr'><em>ἐκώλυσεν</em></span> <span class='ocrx_word' id='word_1_296' title='bbox 1169 4342 1201 4415; x_wconf 77' lang='grc' dir='ltr'><strong>ἐς</strong></span> <span class='ocrx_word' id='word_1_297' title='bbox 1235 4335 1315 4403; x_wconf 78' lang='grc' dir='ltr'><strong>οὐτὸ</strong></span> <span class='ocrx_word' id='word_1_298' title='bbox 1348 4362 1386 4400; x_wconf 80' lang='grc' dir='ltr'><strong>το</strong></span> 
     </span>
    </p>
   </div>
   <div class='ocr_carea' id='block_1_10' title="bbox 0 0 1588 4798">
    <p class='ocr_par' dir='ltr' id='par_1_10' title="bbox 0 0 1588 4798">
     <span class='ocr_line' id='line_1_55' title="bbox 0 0 1588 4798; baseline 0 0"><span class='ocrx_word' id='word_1_299' title='bbox 0 0 1588 4798; x_wconf 95' lang='lat' dir='ltr'><strong> </strong></span> 
     </span>
    </p>
   </div>
  </div>
 </body>
</html>
