3148 4802
701 320 856 420 -lb—

185 529 226 607 ll,
273 527 314 591 39
358 527 503 590 Postumi
554 526 752 610 Agrippae
782 527 908 606 ΙΙΝΙΙ,
935 526 973 590 16
1000 524 1152 610 Κλήμης
1179 548 1253 600 τις,
1288 525 1372 590 δοῦ-

185 629 752 694 servusnomineOlemens....
804 626 869 703 λός
896 652 937 691 τε
964 631 1033 695 τοῦ
1052 625 1255 713 Ἀγρίππου
1288 653 1371 712 γεγο

184 753 325 816 pergere
363 733 395 795 in
428 731 601 795 insulam.
636 775 656 796 .-
678 753 752 796 nam
805 728 864 806 νὼς
886 737 945 794 καί
968 755 1017 815 πρ
1043 734 1108 794 καί
1135 729 1373 813 προςεοικὼς

185 843 317 900 aetate
339 844 377 898 et
392 835 514 898 forma
535 835 626 898 haut
641 835 751 898 dissi·
804 830 919 916 αὐτῷ,
943 833 1112 899 ἐπλάσατο
1134 831 1231 910 αὐτὸς
1252 837 1373 909 ἐκεῖνος

186 939 269 1002 mili
290 939 330 1000 in
353 937 543 1001 dominum
566 945 646 1002 erat.
670 939 752 1002 Tum
804 931 937 1001 εἶναι...
975 939 1007 1013 ἐς
1039 935 1097 1022 τὴν
1125 936 1291 1001 Γαλατίαν
1324 936 1371 1000 ἐλ-

184 1063 245 1125 per
282 1043 417 1105 idoneos
455 1090 462 1105 .
491 1089 499 1104 .
529 1089 536 1104 .
576 1040 753 1105 crebrescit
804 1039 923 1104 θὼν...

184 1146 295 1208 rivere
318 1145 527 1228 Agrippam.
553 1191 560 1207 .

293 1282 443 1364 Sequitur
465 1281 569 1346 Cassii
593 1300 694 1362 error,
729 1281 783 1363 qui
815 1282 937 1345 fontem
969 1302 1034 1345 non
1067 1290 1156 1345 recte
1180 1301 1251 1346 esse
1274 1283 1371 1346 inter·

187 1395 331 1470 pretatus
354 1384 490 1449 videtur.
535 1382 731 1448 Clementem
765 1385 850 1447 enim
882 1385 915 1447 in
938 1384 1077 1448 Galliam
1100 1385 1227 1448 venisse
1250 1393 1371 1451 narrat.

186 1489 304 1554 Servus
320 1497 427 1552 antem
441 1488 497 1551 ille
520 1495 644 1551 tantum
666 1486 834 1552 consilium
856 1488 890 1550 in
906 1487 1044 1551 Galliam
1067 1488 1274 1570 confugiendi
1289 1489 1371 1553 iniit.

185 1592 251 1658 Sed
273 1611 337 1656 non
360 1591 436 1655 inde
458 1591 555 1654 venit.
600 1589 742 1654 Primum
765 1610 804 1654 ex
825 1589 930 1652 insula
944 1589 1097 1653 Planasia
1119 1589 1235 1654 Cosam
1257 1593 1373 1674 petivit

186 1693 519 1776 (Tac.11,39-40).
565 1692 690 1756 Deinde

186 1800 228 1877 ll,
251 1799 295 1862 40
322 1817 340 1861 e
363 1797 533 1861 clientibus
556 1797 636 1860 duos
660 1796 752 1878 eligit
781 1794 906 1874 ΙΙΝΙΙ,
948 1795 986 1858 16
1023 1790 1041 1856 ὁ
1082 1799 1229 1878 Τιβέριος
1267 1801 1372 1883 σοφία

187 1900 372 1984 (Salustius)
407 1908 503 1982 atque
537 1900 684 1963 hortatur
707 1899 751 1961 si·
805 1893 905 1961 αὐτὸν
931 1894 986 1958 aa
1019 1920 1116 1960 τινων
1148 1893 1193 1973 ὥς
1227 1902 1292 1962 καὶ
1325 1899 1373 1964 τὰ

186 2004 330 2066 mulata
363 2003 606 2068 conscientia
633 2002 753 2065 adeant
804 2002 958 2063 ἐκείνου
992 1998 1242 2082 φρονοὺντων
1275 2004 1373 2084 ἔχει·

185 2128 279 2170 eum.
304 2155 311 2170 .
336 2155 343 2169 .
368 2155 375 2170 .
392 2105 549 2189 speculati
565 2113 691 2170 noctem
706 2106 751 2166 in·
805 2101 960 2186 ρώσατο
982 2106 1037 2166 καὶ
1059 2101 1143 2185 μετὰ
1159 2106 1255 2169 τοῦτο
1269 2111 1372 2188 βασα-

186 2209 378 2273 oustoditam
394 2216 529 2291 accepta
549 2208 667 2271 idonea
683 2228 751 2270 ma·
805 2210 897 2281 νίσας
911 2205 966 2270 ἴνα
981 2230 1013 2271 τι
1028 2209 1102 2290 περὶ
1116 2210 1181 2271 τῶν
1192 2226 1372 2291 συνεγνω-

185 2333 232 2400 nu
267 2312 434 2375 vinctum
473 2312 582 2375 clauso
621 2330 678 2374 ore
718 2311 752 2373 in
806 2307 928 2373 κὸτιον
944 2304 1031 2392 αὐτῷ
1045 2311 1151 2397 μάθῃ,
1174 2310 1270 2374 ἔπειτ’
1288 2314 1372 2376 ἐπει·

186 2415 346 2478 Palatium
382 2421 522 2478 traxere.
588 2414 751 2478 Percon·
806 2409 843 2496 δὴ
866 2413 985 2497 μηδὲν
1011 2412 1261 2498 &isicii-posu,
1289 2414 1372 2479 ἐπύ-

185 2517 285 2581 tanti
336 2517 512 2595 Tiberio,
564 2516 752 2598 quomodo
805 2511 1373 2602 θετοαύτοῦ,,πῶςἌγρίππας

185 2621 369 2704 Agrippa
395 2622 522 2685 factus
550 2626 671 2702 esset,
700 2640 753 2684 re·
806 2620 959 2700 dya'voffl
982 2621 1037 2682 καὶ
1068 2614 1101 2695 ὅς
1130 2617 1373 2703 ἀπεκρίνατο

100 2727 109 2736 “
185 2723 527 2806 spondissesertur:
555 2723 753 2800 Quomodo
807 2716 866 2785 ὅτι
900 2716 1017 2798 οὕτως
1044 2717 1090 2799 ὦς
1117 2726 1183 2786 καὶ
1211 2721 1255 2788 σὺ
1283 2729 1373 2788 Kar-

184 2825 387 2890 tanesar
405 2874 519 2891 ......
551 2826 755 2891 Utedcret
807 2842 890 2909 σαρ.

186 2929 331 3008 socios,
356 2929 488 3012 subigi
508 2950 581 2993 non
605 2929 720 3013 potuit.

292 3049 504 3132 Respondent
526 3049 586 3113 hoo
609 3050 681 3113 loco
705 3050 840 3112 maxime
866 3051 964 3112 rerba
986 3050 1112 3112 Dionea
1135 3050 1291 3124 Taciteis,
1316 3051 1373 3114 sed

184 3154 325 3232 nonita,
361 3161 395 3215 ut
417 3153 612 3235 transcripta
636 3173 708 3216 osse
731 3153 866 3235 possint.
912 3153 1050 3215 Tantum
1085 3173 1125 3216 ex
1148 3154 1261 3216 eodem
1284 3154 1373 3217 fonte

185 3263 310 3338 sumpta
333 3263 415 3318 sunt.

184 3411 284 3488 naa
306 3411 387 3473 nex
409 3411 652 3474 Archelaus.
677 3459 684 3474 .
709 3458 748 3474 ..
803 3401 905 3489 nvn,
934 3409 970 3472 17
1008 3406 1075 3472 vav
1110 3409 1150 3472 aa
1184 3386 1229 3495 ai
1257 3406 1374 3494 Ἀρχε-

184 3513 336 3576 invisus
374 3513 517 3592 Tiberio,
557 3513 642 3595 quod
679 3533 750 3576 eum
803 3509 903 3575 λάον
917 3509 974 3574 τὸν
988 3515 1043 3595 τῆς
1059 3513 1373 3598 Καππαδοκίαςβα·

184 3616 309 3680 Rhodi
332 3623 512 3699 agentem
535 3616 642 3680 nullo
666 3616 750 3679 ofli-
804 3613 917 3678 σιλέα
940 3615 982 3678 δι’
1007 3611 1118 3701 ὀργῆς
1141 3615 1235 3698 σχὼν,
1260 3612 1372 3681 ὅτι...

184 3721 243 3784 cio
278 3721 472 3783 coluisset
505 3767 512 3783 .
542 3768 549 3783 .
578 3766 618 3783 ..
675 3719 751 3782 Mox
804 3713 905 3782 αὐτοῦ
927 3723 987 3800 μὲν
1010 3721 1042 3795 ἐς
1069 3717 1126 3803 τὴν
1156 3715 1283 3784 Ῥόδον
1315 3721 1373 3784 ἐλ-

184 3830 391 3886 aocusatus
430 3823 466 3885 in
506 3829 644 3886 senatu
805 3819 948 3895 θόντος
991 3816 1220 3906 ἠμέλησε...
1264 3847 1373 3906 μετε-

186 3946 317 4008 angore,
334 3925 427 3988 simul
440 3926 543 3988 fessus
559 3925 650 3988 senio
667 3973 674 3989 .
692 3973 699 3989 .
717 3973 724 3988 .
742 3973 749 3988 .
805 3931 998 4009 πέμψατο
1020 3920 1061 3999 ὥς
1076 3926 1131 3987 καὶ
1147 3925 1374 4011 νεωτερίζοντα

183 4029 303 4090 finem
341 4028 446 4092 vitae
484 4035 599 4110 sponte
620 4048 662 4091 an
684 4029 752 4092 fato
782 4029 786 4145 j
806 4051 839 4091 τι
854 4029 909 4090 καὶ
924 4027 963 4113 τῇ
978 4029 1032 4111 τῆς
1046 4033 1257 4110 γερουσίας
1274 4028 1374 4114 ψήφῳ

182 4130 338 4213 implevit.
783 4153 786 4218 Ι
808 4130 1041 4213 παρέδωκε...
1064 4128 1139 4194 τότε
1159 4137 1221 4214 μὲν
1243 4126 1374 4207 οἱ·’τωςὸ

784 4221 968 4346 ,Ἀρχέλαος
994 4231 1116 4317 ἐσώθη,
1151 4228 1254 4310 ἄλλως
1282 4235 1306 4298 δ’
1337 4233 1374 4302 οὗ

784 4347 787 4409 Ι
807 4334 916 4417 πολλῷ
939 4331 1075 4421 ὕστερον
1096 4332 1288 4415 ἀπέθανε.
