3168 4798
774 293 817 358 20

717 384 872 396 —--—

285 503 483 586 Exemplum,
506 501 592 584 quod
607 501 761 584 sequitur,
784 519 850 563 nou
865 498 968 561 minus
984 495 1129 580 opinioni
1143 501 1275 558 nosuac
1289 492 1386 556 sanct.

199 659 256 736 IV,
281 658 332 722 68.
361 657 481 720 Titium
504 655 687 721 Sabinum
708 653 767 717 La·
798 652 940 736 lLVlll,
967 651 983 713 l
1017 645 1234 732 Λατιοίριος
1271 647 1306 708 δὲ
1342 669 1390 720 τις

200 760 297 824 tinius
319 757 496 822 Latiaris
628 757 676 840 (et
698 754 767 837 alii)

201 861 443 945 adgrediuntur,
484 858 634 942 cupidine
656 877 770 922 consu·

200 966 294 1043 latus,
329 963 371 1026 ad
405 981 501 1043 quem
532 980 598 1024 nou
626 958 688 1024 nisi
710 979 770 1042 per

202 1066 353 1148 Sejauum
374 1064 494 1146 aditus,
516 1081 623 1145 neque
638 1061 772 1143 Sejani

161 1173 162 1176 ’
204 1169 383 1232 voluntas
405 1167 469 1230 nisi
491 1165 614 1230 scelere
638 1182 771 1246 quaere-

203 1273 308 1334 batur.
344 1265 771 1350 Compositumiuteripsos,

205 1382 240 1437 ut
261 1371 411 1451 Latiaris,
451 1369 505 1452 qui
527 1368 683 1433 modico
705 1388 773 1432 usu

124 1489 129 1498 '
206 1472 668 1554 Sabinumcoutingcbat,
693 1478 773 1534 stru-

207 1587 277 1640 eret
296 1577 412 1654 dolum,
438 1575 539 1638 ceteri
561 1583 660 1636 testes
683 1573 773 1635 ades·

208 1687 289 1756 sont,
312 1678 430 1740 deinde
465 1676 702 1740 accusationem
729 1677 773 1737 in-

208 1783 354 1864 ciperent
370 1829 377 1841 .
395 1828 402 1842 .
420 1827 427 1842 .
445 1827 451 1840 .
482 1779 586 1861 igitur
603 1777 773 1840 Latiaris

202 1884 342 1966 jacere
380 1881 567 1945 fortuitos
614 1880 775 1961 primum

209 2003 425 2061 sermoncs,
450 2003 524 2044 mox
546 1983 678 2044 laudare
702 2001 774 2043 corn

209 2087 422 2150 stantiam..
448 2085 583 2147 ,69..
613 2083 775 2146 Tectum

211 2187 775 2268 interetlaquariatrcssena·

210 2306 318 2354 tores
467 2307 537 2350 sese
576 2269 775 2350 abstrudunt.

218 2393 391 2457 Interea..
410 2389 692 2453 ..Latiaris....
717 2389 776 2452 La·

211 2494 328 2572 binum,
369 2494 457 2556 velut
494 2512 608 2556 recens
646 2492 777 2572 cognita

212 2606 400 2659 narraturus
429 2643 511 2657 ....
539 2594 572 2657 in
599 2592 776 2658 cubiculum

212 2698 312 2761 trahit
495 2716 597 2759 novos
634 2705 777 2758 terrores

212 2800 351 2863 cumulat
384 2797 528 2861 Eadem
565 2797 635 2861 ille

213 2902 394 2983 Properata
438 2899 531 2961 inde
580 2899 778 2962 accusatio

366 3002 407 3064 to
585 3000 653 3063 Nec
690 3018 780 3062 mora

215 3105 291 3188 quin
314 3104 551 3167 decerneretur.

823 753 1158 837 ἑταῖροςΣαβῖνοο
1173 745 1312 832 ἀνδρὸς
1327 749 1391 811 τῶν

823 853 958 940 πρώτων
980 849 1145 938 ἐνῬώμη,
1167 852 1217 932 τῷ
1238 853 1391 934 Σηῖανῷ

823 953 1098 1041 χαριζόμενος,
1126 956 1157 1029 ἐς
1183 951 1242 1038 τὴν
1268 955 1327 1017 τοῦ
1348 952 1392 1016 ol·

825 1058 976 1144 κη’ματος,
993 1060 1028 1121 ἐν
1043 1048 1068 1139 ᾧ
1084 1057 1226 1143 διητᾶτο,
1245 1052 1393 1141 ὀροφὴν

824 1157 1037 1245 βουλευτὰς
1060 1156 1318 1244 κατακρύψας
1332 1152 1393 1222 ὑπ-

825 1261 989 1348 ηγάγετο
1028 1259 1095 1324 τὸν
1130 1265 1303 1344 Σαβῖνον
1339 1260 1395 1337 εἰς

825 1364 979 1449 λόγους,
1007 1367 1063 1427 καλ
1084 1386 1116 1428 τι
1139 1360 1239 1426 εἰπὼν
1261 1353 1305 1425 ὧν
1327 1362 1393 1425 εἰω-

826 1474 886 1544 aaa
924 1465 1138 1531 ἐπεσπάσατο
1181 1469 1235 1527 καῖ
1273 1468 1396 1528 ἐκεῖνον

826 1570 930 1635 πάνθ’
961 1565 1025 1634 ὅσα
1054 1567 1185 1652 ἐφρόνει
1218 1567 1396 1651 ἐκλαλῆσαι

827 1675 893 1739 τῶν
914 1671 974 1757 γάρ
997 1695 1050 1737 τοι
1077 1679 1296 1753 συκοφαντεῖν
1323 1671 1396 1731 ἕθε-

827 1775 951 1839 λόντοιν
973 1774 1064 1857 ἔργον
1091 1775 1163 1836 ἐστὶ
1197 1772 1397 1855 λοιδορίας

828 1884 872 1942 τέ
902 1900 1007 1952 τινος
1040 1874 1399 1961 προκατάρχεσθαι

830 1982 885 2042 καλ
923 1975 1108 2062 ἀπόρρητόν
1150 2002 1183 2041 τι
1221 1980 1399 2058 ἐκφαίνειν,

828 2081 883 2145 ἵνα
906 2077 1050 2155 ἀκούσας
1072 2104 1105 2144 τι
1129 2077 1227 2154 ἀστὸς
1250 2075 1268 2163 ἢ
1291 2082 1347 2140 καλ
1369 2073 1399 2140 ὅ·

828 2182 944 2270 μζοιόν
967 2207 1005 2247 τι
1032 2180 1150 2246 ἐιπών
1177 2182 1399 2265 αι’τιαθη...

829 2282 908 2369 ὅπερ
941 2287 996 2348 καὶ
1029 2283 1107 2348 τὸτε
1141 2287 1281 2366 ἐγένετο·
1324 2284 1401 2346 ἔστε

829 2386 889 2471 γὰρ
911 2384 951 2450 τὸ
967 2386 1238 2471 δεσμωτήριον
1255 2382 1400 2470 αὐθημε-

830 2513 887 2575 ρον
901 2485 919 2553 ὁ
933 2493 1099 2572 Σαβῖνος
1121 2491 1323 2572 κατετέθη
1345 2495 1401 2550 καὶ

828 2588 915 2674 μετὰ
937 2591 1037 2654 τοῦτο
1060 2586 1197 2674 ἀκρίτως
1226 2589 1400 2675 ἐφθάρη,

829 2691 868 2758 τό
895 2716 934 2756 τε
960 2691 1054 2774 σῶμα
1080 2687 1187 2758 αὐτοῦΙ
1215 2690 1303 2758 κατὰ
1335 2695 1404 2758 τῶν

831 2791 1033 2878 ἀναβασμῶν
1055 2797 1168 2880 ἐρρίφη
1201 2797 1257 2859 καλ
1284 2798 1316 2870 ἐς
1342 2794 1402 2859 τὸν

832 2895 986 2980 ποταμὸν
1008 2895 1178 2982 ἐνεβληθη.

323 3254 455 3320 Tacitus
477 3255 577 3317 multo
601 3253 780 3317 accuratius
802 3273 871 3317 rem
894 3255 1044 3338 exposuit
1065 3275 1159 3346 quam
1181 3255 1322 3338 Cassius,
1348 3258 1400 3340 qui

217 3359 323 3422 dolum
345 3358 434 3420 illum
457 3357 675 3438 turpissimum
696 3376 762 3418 nou
784 3357 863 3420 satis
879 3357 1050 3440 perspicue
1066 3357 1248 3421 illustravit.
1294 3359 1403 3424 Solam

217 3481 312 3524 unam
334 3459 459 3522 addidit
481 3469 521 3521 ue
545 3459 703 3520 cadavere
719 3459 922 3522 condemnati
937 3460 999 3523 Dio
1014 3460 1295 3540 narratiunculam,
1318 3481 1402 3543 quac

218 3564 250 3625 in
267 3562 381 3625 Tacito
404 3581 469 3623 non
491 3560 662 3622 invenitur.
707 3560 818 3624 Sabini
841 3561 926 3624 enim
948 3580 1060 3624 canem
1080 3568 1145 3624 tam
1161 3562 1288 3625 fidelem
1303 3562 1403 3626 fuisse

219 3663 347 3727 domino
371 3662 467 3734 etiam
490 3669 625 3740 mortuo,
650 3667 684 3724 nt
706 3681 770 3724 una
791 3682 861 3725 cum
886 3682 1022 3745 corpore
1046 3663 1115 3744 ejus
1143 3664 1177 3727 in
1199 3664 1326 3727 fluvium
1349 3665 1403 3728 ab·

213 3767 305 3848 Jectu
328 3766 361 3829 in
385 3765 527 3847 Tiberim
552 3763 736 3828 insiluisset
782 3763 874 3840 Quod
897 3765 1015 3829 factum
1038 3784 1078 3828 cx
1100 3767 1181 3830 actis
1197 3766 1308 3848 populi
1323 3786 1404 3830 sum·

218 3874 308 3951 ptum
331 3887 403 3931 essa
425 3866 548 3930 Plinius
570 3872 709 3930 testatur
730 3866 764 3927 in
786 3867 859 3930 bist.
883 3873 948 3930 nat.
972 3867 1062 3942 VIII,
1085 3867 1137 3932 40.
1182 3867 1251 3930 Nee
1280 3868 1422 3946 dubito,

221 3969 298 4052 quin
320 3968 449 4032 Cassius
472 3968 547 4030 inde
569 3967 722 4031 hauserit.
767 3968 816 4032 De
851 3989 913 4050 qua
944 3988 980 4032 re
1007 3968 1093 4032 infra
1118 3969 1294 4051 loquemur.
1339 3969 1404 4034 Sed
1452 3990 1455 3995 ·

220 4089 301 4152 quae
325 4077 400 4134 ante
422 4069 695 4133 narratiunculam
721 4069 810 4133 illam
836 4071 1024 4153 popularem
1051 4072 1083 4134 in
1107 4072 1262 4135 ambobus
1284 4072 1403 4136 nostris

220 4172 431 4254 scriptoribus
454 4173 667 4250 inveniuntur,
692 4191 733 4235 cx
755 4172 818 4235 alio
841 4174 930 4236 fonte
953 4180 1080 4256 sumpta
1107 4179 1181 4236 sunt
1217 4174 1335 4256 (neque
1364 4193 1406 4238 ex

221 4273 301 4337 actis
324 4273 471 4357 dimnis),
507 4274 562 4336 scd
595 4274 709 4336 Tacito
739 4283 772 4338 et
799 4274 911 4339 Cassio
945 4277 1111 4340 communi.
1156 4275 1278 4341 Contra
1310 4296 1406 4359 quam
