3168 4798
776 352 817 416 27

721 438 874 454 m

203 558 401 624 Aventino
417 558 617 641 contigua,
633 559 769 642 ipsoque
822 561 911 640 περὶ
932 553 1242 624 τὸνἌοοεντῐνον
1264 559 1387 642 ἐφθά-

203 663 374 727 Aventino.
446 659 539 738 Quod
594 660 769 724 damnum
822 683 875 746 ρη.
899 658 988 745 Ιιῖίστο
1012 659 1070 725 τόν
1095 665 1291 747 Τιβέριον
1321 663 1387 726 δισ-

204 765 350 830 ansar
393 764 435 827 ad
486 763 623 846 gloriam
671 764 770 827 vertit
820 763 924 846 χιλίας
947 767 1004 827 καὶ
1030 769 1246 840 πεντακοσίας
1272 763 1386 848 μυριά-

204 867 397 933 exsclutis
426 867 597 930 domuum
625 872 659 929 et
685 867 768 929 insu·
822 867 879 942 δας
901 876 983 943 τοῖς
1005 870 1240 951 ζημιωθεϊσί
1269 890 1302 932 τι
1330 863 1383 932 ἀπ’

202 972 306 1036 larum
327 970 452 1054 pretiis
821 965 921 1034 αὐτοῦ
944 970 1092 1034 δοῦναι.

310 1073 439 1138 Cassius
472 1090 638 1135 numerum
670 1071 804 1153 addidit,
839 1074 893 1154 qui
930 1075 963 1136 in
985 1074 1100 1139 Tacito
1123 1093 1188 1138 ncn
1213 1073 1385 1138 invenitur.

200 1177 269 1242 Nec
290 1177 412 1256 mirum,
447 1175 522 1257 quia
544 1175 781 1257 superstitione
809 1177 945 1257 quadam
980 1177 1022 1239 ad
1055 1177 1255 1259 diligentiam
1287 1177 1385 1240 talem

202 1279 376 1364 perductus
399 1283 458 1358 est,
483 1297 676 1360 quamquam
698 1278 762 1341 hob
784 1278 857 1342 lcco
880 1278 1012 1342 levioris
1034 1279 1186 1343 momenti
1209 1284 1280 1342 erat
1302 1279 1385 1342 scire

203 1382 314 1466 quanti
336 1380 460 1444 insulae
483 1381 616 1443 deustae
639 1381 858 1444 aestimandae
888 1381 1032 1444 fuissent.
1083 1381 1147 1447 Sed
1174 1388 1322 1445 auctores
1350 1382 1385 1444 in

203 1504 296 1565 anno,
320 1484 374 1566 qui
397 1483 529 1547 Tiberio
553 1482 746 1565 penultimus
781 1490 859 1563 crat,
895 1485 1106 1548 consentiunt.
1152 1483 1245 1561 Quod
1276 1504 1385 1548 rarum

202 1607 273 1652 esse
290 1587 361 1669 jam
383 1586 511 1668 saepius
534 1585 670 1648 vidimus
704 1594 737 1649 et
773 1605 813 1648 ex
835 1586 1030 1667 comparatis
1053 1587 1110 1667 VI,
1145 1587 1186 1651 28
1210 1592 1243 1650 et
1263 1585 1382 1666 LVIII,

202 1690 242 1754 27
267 1690 321 1774 (de
344 1689 396 1752 avi
418 1686 623 1771 miraculosa)
647 1687 801 1770 colligere
824 1708 1000 1770 pessumus.

201 1793 258 1872 VI,
281 1792 323 1855 46
367 1792 513 1856 Macroni
549 1810 615 1853 non
652 1791 764 1854 abdita
792 1789 934 1872 latin,
956 1791 1000 1856 28
1020 1785 1038 1854 ὃ
1057 1794 1202 1875 Τιβέριος
1225 1786 1383 1856 ὑποπτεύ-

201 1896 335 1978 ambage
364 1894 607 1958 occidentem
640 1894 685 1956 ab
720 1913 763 1957 ec
818 1911 877 1966 σας
905 1897 988 1956 ποτὲ
1021 1881 1078 1955 “sti
1111 1898 1154 1976 γὲ,
1189 1892 1280 1976 “iou
1315 1891 1383 1958 τὸν

201 1997 344 2077 deseri,
373 1997 563 2060 orientem
591 1997 764 2078 spectari
817 1994 1383 2082 δνόμενονὲγκαταλιπώνπρὸς

202 2100 419 2183 exprobravit.
818 2097 877 2163 τὸν
899 2094 1171 2164 ἀνατέλλοντα
1194 2102 1310 2188 ἐπείγῃ.

304 2203 378 2267 Ηοο
394 2203 521 2284 quidem
536 2201 777 2266 eoncedendum
801 2208 851 2266 est
865 2203 947 2266 hanc
963 2203 1086 2266 Tiberii
1102 2205 1295 2269 sententiam
1316 2226 1381 2269 non

198 2308 231 2370 in
254 2307 367 2371 eadem
389 2306 541 2370 continua
562 2305 748 2368 narratione
788 2305 873 2388 apud
900 2305 1037 2368 Dionem
1070 2306 1216 2388 inveniri,
1250 2309 1284 2370 in
1318 2329 1383 2392 qua
1468 2311 1470 2316 ’

199 2410 284 2493 apud
306 2409 462 2474 Tacitum.
509 2408 573 2474 Sed
595 2414 729 2471 nostrae
752 2409 896 2491 opinioni
918 2409 979 2471 hcc
1002 2408 1130 2473 minime
1152 2411 1260 2474 instat.
1306 2413 1379 2477 Om-

197 2512 273 2575 nino
296 2532 361 2574 non
382 2516 486 2574 totum
510 2510 654 2574 Cassium
677 2531 748 2574 cum
775 2517 844 2574 toto
868 2505 982 2574 Tacito
1011 2513 1194 2576 consentire
1217 2514 1379 2578 contendi·

197 2634 275 2677 mus.
320 2614 458 2677 Tantum
480 2614 566 2695 quod
588 2613 629 2676 ad
651 2620 761 2695 partes
784 2614 939 2696 quasdam
962 2614 1086 2694 attinet,
1110 2615 1181 2678 fons
1205 2618 1380 2682 communis

198 2717 350 2799 cognosci
372 2716 425 2780 vel
448 2715 564 2798 conjici
586 2721 704 2799 potest.

199 2819 256 2899 VI,
280 2819 323 2882 48
360 2819 571 2882 Arruntius
608 2819 761 2882 cunctati·
790 2815 932 2902 lLVHI,
956 2818 1007 2882 27.
1046 2817 1182 2893 Λούκιος
1211 2815 1378 2905 Ἀρρούν-

199 2941 292 2985 oncm
329 2927 362 2984 et
403 2940 509 2985 moras
554 2921 761 2984 suadentibus
813 2944 895 2996 τιος
928 2923 983 2983 καὶ
1016 2917 1123 3008 ἡλικία
1157 2924 1212 2986 καὶ
1245 2923 1378 3011 παιδείᾳ

197 3025 307 3088 amicis
351 3043 417 3086 non
461 3023 574 3087 eadem
615 3024 760 3087 omnibus
812 3022 971 3110 προήκων,
995 3027 1149 3100 ἑκοοσιος,
1172 3027 1309 3111 καὶπερ
1323 3051 1378 3090 νο-

196 3128 316 3192 decora
330 3127 506 3208 respondit.
552 3126 635 3192 Sibi
658 3127 759 3189 satis

196 3229 403 3293 aetatis..
429 3277 436 3291 .
462 3277 468 3292 .
507 3229 592 3294 Sane
615 3249 759 3312 paucos

198 3338 235 3394 et
257 3350 456 3414 supremos
480 3330 674 3414 principis
691 3331 759 3394 dies

197 3453 312 3516 posse
334 3435 470 3497 vitari:
517 3454 609 3516 quem
632 3435 673 3498 ad
696 3455 759 3498 mc·

197 3537 271 3600 dum
293 3556 460 3600 evasurum
493 3538 687 3601 imminentis
709 3538 759 3619 ju·

196 3646 332 3702 ventam.
368 3641 430 3718 An,
448 3660 518 3702 cum
534 3640 682 3704 Tiberius
699 3690 706 3705 .
725 3691 732 3704 .
750 3690 757 3704 .

194 3741 227 3803 vi
242 3742 469 3805 dominationis
486 3790 492 3804 .
507 3790 514 3804 .
528 3790 535 3805 .
551 3749 690 3807 mutatus
707 3745 757 3825 sit,

194 3841 228 3906 Ο.
245 3843 419 3907 Caesarem
435 3892 442 3908 .
457 3893 485 3908 ..
502 3846 636 3909 meliora
649 3866 758 3930 capes·

194 3945 327 4008 siturum
360 3947 515 4010 Macrone
550 3948 651 4012 duce?
685 3998 692 4012 .
717 3998 723 4012 .
749 3999 756 4013 .

192 4045 284 4111 Haec
306 4049 389 4111 vatis
412 4049 446 4112 in
460 4050 588 4114 modum
604 4052 755 4116 dictitans

192 4166 309 4214 venas
343 4151 511 4215 resolvit
544 4201 625 4235 ..,.
659 4155 757 4218 Albu-

194 4251 268 4315 cilla
304 4253 428 4316 inrito
466 4254 545 4318 ictu
581 4275 601 4319 a
638 4264 757 4320 semet

192 4354 403 4419 vulnerata
438 4356 552 4438 jussu
600 4365 756 4424 senatus

192 4454 230 4518 in
253 4475 449 4522 carcerem
470 4459 582 4524 fertur.

814 3127 973 3202 σοῦντος
995 3123 1063 3212 ἤδη
1090 3128 1163 3192 τοῦ
1192 3132 1378 3215 Τιβερίου

813 3231 868 3292 καὶ
882 3232 1134 3312 νομίζομὲνοο
1149 3229 1197 3316 μὴ
1214 3231 1376 3316 ῥαίσειν,

813 3331 981 3418 ἐφθάρη·
1006 3331 1065 3417 τὴν
1087 3331 1156 3415 γὰρ
1177 3334 1245 3398 τοῦ
1260 3336 1378 3400 Γαίόο

813 3434 1376 3522 κακίανσονιδὼνέπεθύμησε,

811 3540 887 3622 πρὶν
909 3524 1124 3623 πειραιθῆναι
1152 3535 1263 3616 αὐτοῦ,
1301 3562 1376 3623 προ-

811 3640 1038 3726 απαλίαγῆναι
1060 3641 1159 3706 εἰπὼν
1181 3637 1233 3707 ὅτι
1260 3639 1298 3708 οὐ
1326 3643 1376 3708 δύ-

811 3768 913 3826 ναμαι
937 3746 1001 3809 ἐπὶ
1020 3744 1137 3829 γήρως
1153 3743 1292 3833 δεσπότῃ
1308 3771 1376 3811 και·

811 3850 854 3930 νῷ
877 3850 932 3910 καὶ
954 3846 1090 3931 τοιούτῳ
1114 3847 1305 3913 δουλεῦσαι.
1320 3896 1349 3912 ..
1367 3897 1374 3912 .

809 3949 884 4035 γονή
899 3955 960 4033 μὲν
974 3949 1034 4035 γάρ
1050 3975 1099 4026 τις
1122 3951 1265 4036 ἑαυτὴν
1286 3952 1375 4038 τροί-

811 4070 912 4116 σασα
941 4055 1181 4138 ἐςεκομίσέίη
1208 4079 1246 4119 τε
1272 4057 1304 4130 ἐς
1331 4054 1376 4120 τὸ

811 4155 1026 4248 συνέδριον,
1062 4159 1117 4220 καὶ
1152 4160 1311 4223 ἐκεῖθεν
1337 4160 1375 4234 ἐς

807 4255 853 4322 τὸ
876 4258 1143 4346 δεσμωτήριον
1179 4255 1373 4343 ἀπαχθεῖ-

810 4378 858 4424 σα
881 4356 1042 4424 ἀπέθανε.
