3148 4802
241 1172 318 1282 IV.
373 1167 593 1304 Vellejus
631 1173 679 1280 et
715 1169 865 1280 ueteri
900 1173 1005 1280 tres
1042 1172 1281 1279 auderes.

172 1377 292 1474 Restat
314 1413 353 1474 ad
377 1413 576 1494 propositum
599 1411 691 1473 nobis
715 1410 944 1473 absolvendum
977 1410 1017 1472 de
1051 1416 1165 1490 quarto
1193 1409 1351 1491 scriptore

171 1515 269 1597 loqui,
294 1515 349 1596 qui
372 1514 495 1576 Tiberii
517 1520 664 1594 tempora
686 1531 848 1594 exponere
872 1519 1004 1574 uenatus
1022 1518 1079 1574 est.
1125 1511 1215 1575 Unus
1236 1530 1351 1592 aequa-

171 1619 210 1680 lis
235 1623 284 1679 est
306 1617 460 1697 l'ellejua
489 1616 546 1677 sed
569 1620 704 1698 propter
727 1614 901 1692 eonsilium,
938 1614 1022 1694 quod
1044 1614 1170 1694 inierat,
1204 1613 1299 1676 fidem
1322 1612 1352 1676 ei

171 1719 290 1782 habere
313 1740 378 1781 non
400 1737 577 1800 possumne.
623 1717 687 1782 Sed
710 1717 749 1778 de
772 1717 831 1778 hae
854 1735 890 1778 re
907 1715 976 1796 jam
999 1716 1088 1798 prius
1104 1717 1249 1779 diximus,
1277 1715 1351 1779 Hoe

171 1823 242 1884 loeo
265 1828 409 1884 nostrum
437 1827 487 1882 est
515 1819 694 1902 exquirere,
728 1841 803 1881 num
836 1819 868 1880 in
902 1819 1134 1900 posterioribus
1168 1819 1351 1882 auctoribus

171 1925 309 2006 vestigia
333 1924 400 2005 ojus
424 1922 530 1985 insint.
577 1921 698 1998 Quodsi
721 1942 791 1984 eum
815 1941 885 1984 oum
908 1921 1022 1984 'l'aeito
1046 1940 1276 2004 comparamus,
1310 1939 1350 1983 ne

118 2025 123 2034 '
171 2027 299 2088 minima
322 2026 450 2108 quidem
471 2025 590 2089 indicia
613 2025 787 2088 eommunis
810 2025 907 2087 sontis
930 2023 1143 2104 inveniuntur3
1172 2020 1288 2087 nedum
1311 2023 1350 2086 si-

171 2129 365 2196 militudines
388 2128 496 2191 insint.
541 2127 609 2191 Nee
633 2129 800 2210 quisquam
823 2128 862 2189 de
884 2127 945 2189 hae
965 2146 1001 2188 re
1018 2127 1164 2189 dubitare
1180 2145 1275 2189 ausus
1292 2132 1350 2189 est.

171 2229 288 2292 Omnes
311 2231 357 2292 ita
380 2236 581 2292 censuerunt.
626 2230 700 2291 Alia
722 2249 775 2293 res
799 2237 858 2309 ost,
893 2230 919 2291 si
948 2229 1133 2293 Suetonium
1160 2234 1349 2311 spectamus.

169 2331 330 2396 Henrieus
352 2330 527 2394 Reiohau
550 2331 634 2394 enirn
658 2333 744 2413 (pag.
762 2331 795 2413 9)
829 2332 983 2394 nonnulla
1016 2331 1158 2414 protulit,
1193 2351 1275 2414 quae
1309 2330 1350 2394 ad

170 2434 291 2496 fontem
316 2435 474 2515 quendam
497 2452 693 2496 communem
715 2454 869 2497 revocare
892 2434 969 2497 vult.
1014 2434 1237 2498 Examinemus
1252 2434 1351 2516 igitur

171 2538 265 2600 haee!

169 2639 211 2718 Π,
235 2640 277 2702 94
300 2645 512 2720 quaestor...
529 2639 732 2702 maximam..
784 2640 842 2719 ΙΙΙ,
867 2640 886 2702 8
909 2659 1017 2703 euram
1040 2639 1275 2702 administravit
1297 2657 1350 2702 an-

75 2749 79 2756 “
172 2742 390 2804 difficultatem
427 2761 573 2804 annonae
612 2761 649 2804 ae
685 2742 733 2803 rei
785 2762 899 2821 nonae,
924 2761 1007 2823 quae
1031 2743 1133 2805 artior
1154 2742 1323 2806 inciderat.

171 2845 398 2907 frumentariae
421 2845 562 2926 inopiam
577 2892 583 2907 .
597 2893 625 2907 ..
649 2863 734 2906 man·

171 2949 246 3010 dato
269 2947 374 3009 uitrici
397 2947 581 3010 moderatus
606 2954 664 3010 est.

278 3049 446 3114 Suetonius
469 3055 592 3111 tautum
614 3055 725 3111 narrat
748 3050 891 3113 Tiberio¹
907 3069 1053 3113 annonae
1081 3071 1186 3114 euram
1221 3048 1349 3112 manda-

170 3158 235 3214 tam
258 3171 338 3214 esse.
383 3151 529 3232 Vellejus
554 3153 660 3214 autom
681 3152 779 3214 multo
804 3153 969 3216 verbosius
993 3153 1032 3215 de
1056 3154 1114 3216 liae
1136 3172 1172 3215 re
1188 3151 1349 3216 disseruit.

169 3254 276 3318 Unum
297 3255 428 3317 verbum
453 3255 650 3334 „annonae“‚
686 3255 771 3335 quod
805 3255 942 3318 devitari
976 3255 1103 3318 omniuo
1137 3274 1201 3317 uon
1234 3253 1348 3338 potuit,

171 3357 273 3419 solum
294 3357 334 3420 iis
358 3376 522 3420 commune
547 3363 605 3420 est.
946 3435 949 3440 ¹

169 3459 210 3538 ΙΙ,
224 3459 266 3521 94
289 3480 358 3522 eum
373 3459 553 3541 legionibus
569 3459 733 3541 ingressus
786 3461 843 3541 Ill,
868 3461 887 3524 8
991 3460 1086 3524 dueto
1120 3460 1161 3523 ad
1184 3459 1349 3524 Orientem

169 3562 363 3641 Armeniam,
397 3563 530 3625 redaota
557 3581 596 3624 ea
623 3563 656 3626 in
679 3582 733 3644 po·
787 3563 930 3626 exercitu
952 3581 1085 3645 regnum
1107 3563 1280 3627 Armeniae
1296 3561 1348 3624 Ti-

168 3669 319 3727 testatem
330 3665 440 3747 populi
451 3663 734 3748 Romaniregnum
786 3665 879 3746 grani
900 3665 1050 3728 restituit.

170 3764 237 3846 ejus
260 3768 435 3830 Artauasdi
459 3768 556 3831 dedit.
901 3833 902 3836 ,

275 3869 415 3950 Propter
437 3870 574 3933 nominis
597 3870 886 3934 dissimilitudinem
903 3871 973 3952 jam
996 3870 1178 3952 opinionem
1197 3850 1347 3932 refellere

168 3990 334 4052 possumus
362 3972 444 4034 hune
471 3972 575 4035 loeum
603 3992 642 4035 ex
676 3973 789 4036 eodem
823 3978 953 4037 auctore
988 3978 1146 4055 sumptum
1179 3991 1259 4035 esse.
1304 3973 1349 4035 At

170 4072 255 4135 dieat
281 4073 396 4154 aliquis
419 4073 593 4156 Tigranem
621 4095 692 4138 esse
725 4093 842 4138 nomen
875 4075 1123 4160 appellativuml
1162 4075 1347 4140 Suetonium

167 4174 266 4255 igitur
287 4181 410 4238 tantum
433 4177 559 4240 nomine
582 4178 715 4260 proprio
745 4178 862 4242 omisso
897 4198 967 4242 eum
989 4178 1119 4259 Vellejo
1153 4177 1345 4241 consentire.

169 4274 233 4346 Sed
255 4277 459 4359 Tranquillus
482 4270 566 4342 haud
589 4279 682 4342 dubie
705 4281 831 4362 putavit
846 4281 1020 4363 Tigranem
1043 4299 1114 4344 esse
1136 4299 1253 4342 nomen
1274 4299 1347 4362 pro-

168 4379 282 4460 prium.
327 4378 427 4456 Quam
450 4383 491 4444 ob
514 4400 582 4445 rem
601 4381 726 4445 fontem
749 4389 945 4448 communem
967 4404 1061 4466 nego.

1119 4553 1153 4650 4.
