3168 4798
698 383 851 478 m..

182 588 280 667 curia,
315 587 432 650 deinde
464 586 561 650 Italia
590 593 748 651 exactus
776 584 780 671 l
802 605 933 649 σαι...
963 581 1260 671 «1111111611
1289 590 1367 670 ἔγνω

183 697 215 754 61
238 690 314 773 quia
328 690 536 753 incusabatur
551 688 646 752 facile
669 689 748 752 tole·
801 685 901 754 αὐτὸν
927 692 963 763 ἐς
992 695 1144 772 Λέσβον
1165 689 1366 776 ἀπαίρειν,

181 799 309 855 1611111
324 791 454 856 exilium
468 791 594 855 Lesbo
611 793 746 873 delecta,
800 793 855 876 τῆς
876 815 912 854 τε
927 793 1012 854 ἐκεῖ
1024 788 1226 875 ἀσφαλοῦς
1242 791 1366 859 εὐδαι-

180 894 286 958 insula
307 894 408 957 nobili
436 901 470 957 et
497 913 670 972 amoena,
698 913 747 958 re·
799 897 939 974 μονίας
962 890 1151 976 ἀφελέσθαι
1166 899 1222 959 καὶ
1245 899 1281 971 ἐς
1303 921 1365 980 φν-

181 997 319 1062 trahitur
356 998 390 1059 in
433 997 543 1059 urbem
580 984 747 1060 eustodi-
799 993 1365 1079 λάκηντοῖςᾶρχονσιν...πα-

182 1106 320 1182 turque
379 1097 556 1161 domibus
614 1098 746 1180 magis·
800 1089 966 1181 euboicae.

179 1209 355 1266 tratuum.

285 1338 398 1401 Verba
419 1335 488 1400 fere
504 1335 718 1417 6116111111
742 1341 865 1400 tantum
881 1356 898 1400 e
915 1338 1057 1401 Tacitcis
1074 1339 1174 1420 magis
1191 1339 1362 1421 genuinum

179 1441 366 1519 Romanum,
390 1438 550 1501 hominem
564 1457 642 1501 rere
657 1433 835 1502 Romanum
858 1459 1035 1521 cognosces
1060 1461 1154 1522 quam
1178 1461 1195 1503 o
1219 1441 1362 1520 Bioneis,

180 1543 234 1625 qui
257 1541 431 1605 eommunis
465 1540 563 1604 sontis
591 1540 860 1622 ‚quattuordecim
887 1541 1027 1620 ordines,
1062 1543 1097 1616 in*
1129 1541 1237 1616 ἱππεῖς
1264 1549 1362 1622 16611,

179 1645 236 1708 sed
259 1645 361 1726 magis
380 1645 494 1726 jejune
517 1625 690 1706 transtulit.
722 1642 787 1707 Sed
809 1643 870 1706 hoe
893 1663 956 1706 non
981 1645 1022 1706 ael
1045 1645 1247 1728 propositum
1270 1647 1362 1708 nobis

178 1754 314 1830 spectat.

178 1883 234 1961 VI,
259 1883 278 1947 8
301 1901 396 1945 61111
425 1889 475 1945 611
503 1899 602 1963 eques
630 1843 746 1944 Roma:
773 1879 981 1964 luvlla'ra
1015 1882 1072 1943 τοῦ
1100 1880 1135 1942 δὲ
1161 1880 1199 1965 δὴ
1231 1887 1362 1966 Τερεν-

177 2005 246 2063 111,
270 1985 313 2047 M.
330 1984 558 2063 Tcrentius,
582 1983 624 2046 ob
639 1982 672 2045 id
689 1982 744 2067 (ob

178 2085 288 2167 Sejani
322 2084 509 2166 amicitiam)
542 2104 645 2164 reus,
681 2104 743 2147 am-

176 2189 284 2272 plecti,
319 2188 362 2250 ad
389 2188 471 2250 hune
499 2188 625 2250 modum
658 2186 744 2270 apud

177 2297 322 2354 senatum
337 2288 549 2352 ordiendo.
567 2336 575 2352 .
592 2337 600 2352 .
618 2337 625 2352 .
642 2289 742 2368 „fate-

176 2393 235 2455 bor
257 2392 356 2456 fuisse
391 2411 441 2454 me
464 2391 583 2472 Sejano
607 2391 742 2456 amicum

265 2501 378 2572 tuum,
400 2493 559 2574 Caesar,
576 2512 739 2576 generum,

174 2596 222 2660 tui
236 2595 420 2659 consulatus
441 2595 572 2674 socium,¹
595 2601 651 2658 tua
673 2595 740 2658 offi-

173 2698 225 2762 cia
257 2699 291 2760 in
324 2696 491 2780 republica
518 2702 740 2779 capessentem

173 2801 366 2864 colebamus.
393 2797 477 2861 Non
493 2805 551 2862 est
566 2805 739 2863 nostrum

174 2903 398 2980 aestimare,
424 2919 534 2982 quem
556 2919 654 2982 supra
669 2921 739 2966 eae-

176 3011 263 3068 16161
288 3012 320 3068 61
343 3004 457 3086 quibus
486 3003 526 3065 de
554 3003 658 3065 causis
687 3022 738 3065 cx-

174 3105 271 3170 tollas
419 3104 546 3168 abditos
583 3104 738 3187 principis

172 3227 296 3286 sensus,
335 3217 369 3270 et
402 3208 430 3270 si
466 3207 543 3288 quid
580 3207 736 3270 occultius

171 3317 276 3391 parat,
301 3311 469 3390 exquirere
492 3308 657 3387 inlicitum,
685 3329 738 3372 au·

171 3432 273 3493 ceps.
291 3460 323 3476 ..
347 3413 391 3476 9.
409 3459 416 3475 .
440 3410 622 3474 constantia
641 3411 738 3474 orati-

171 3515 243 3578 onis
266 3520 299 3576 61
322 3514 396 3594 quia
411 3517 561 3595 repertus
577 3522 657 3592 erat,
682 3514 738 3595 qui

171 3617 310 3695 efferret,
350 3633 432 3696 quae
475 3633 586 3677 omnes
630 3615 736 3678 auimo

171 3718 355 3800 captabant,
391 3735 429 3780 eo
459 3735 558 3797 usque
591 3723 736 3798 potuere,

170 3825 205 3882 ut
247 3824 500 3882 accusatores
682 3827 737 3880 aut

171 3921 268 3983 exilio
280 3925 336 3982 aut
346 3926 449 3982 morte
467 3919 734 3983 multarentur.

797 1988 893 2056 τίον,
922 1977 972 2046 ὅτι
1000 1984 1053 2045 ἐπὶ
1080 1985 1118 2067 τῇ
1140 1983 1198 2046 τοῦ
1220 1987 1361 2067 Σηῖανοῦ

797 2084 892 2170 φιλίᾳ
930 2083 1157 2167 κρινόμενος
1194 2082 1251 2167 οὐχ
1284 2081 1363 2149 ὅσον

796 2182 854 2251 onix
876 2183 1048 2272 ἠρνήσατο,
1083 2182 1168 2249 ἄλλα
1201 2189 1256 2249 καὶ
1289 2185 1361 2272 ἔφη

796 2292 851 2352 καὶ
874 2288 1060 2353 σπουδάσαι
1088 2288 1234 2370 μάλιστα
1262 2277 1362 2354 abeto

795 2393 849 2454 καὶ
865 2393 1083 2472 θεραπεῦσαι,
1107 2389 1217 2476 ἐπειδὴ
1235 2388 1363 2484 xal'r‘rn',

794 2489 975 2558 αὐτοῦτοῦ
1001 2497 1151 2575 Τιβερίου
1178 2488 1276 2568 οὕτως
1299 2496 1359 2556 ἐσι-

792 2597 889 2676 μᾶτο,
913 2589 1006 2668 ,ὥστ’
1032 2594 1063 2656 si
1083 2599 1144 2675 μὲν
1166 2596 1286 2670 ἐκεῖνος
1309 2593 1359 2679 ὅρ-

792 2681 893 2772 θῶςίῇ
917 2692 1016 2770 εἶπεν,
1040 2699 1173 2771 „incisa
1196 2697 1359 2780 τοιούτῳ

793 2798 892 2882 φίλῳ
914 2798 1121 2881 χριόμενος,
1150 2795 1360 2882 celesyriam

792 2896 925 2985 ἠδίκηκα
939 2947 947 2962 .
960 2947 968 2964 .
982 2947 989 2962 .
1003 2902 1059 2963 καὶ
1080 2899 1149 2984 γὰρ
1172 2924 1231 2963 τοι
1252 2924 1358 2985 προς-

791 3001 874 3085 ήκει
897 2998 988 3087 ἡμῖν
1003 3002 1129 3078 πάντας
1145 3000 1218 3076 τοὺς
1233 2999 1284 3067 ὑπ’
1302 2999 1358 3066 αὖ·

791 3106 849 3167 τοῦ
863 3111 1063 3186 τιμωμένους
1078 3102 1218 3187 ἀγαπᾶν,
1233 3103 1283 3189 μὴ
1298 3129 1358 3168 πσ-

791 3204 1164 3289 λνπραγμανοῖιντας
1229 3200 1362 3270 ὁποῖοί

791 3315 896 3382 τινές
919 3307 1065 3370 εἰσιν...
1094 3303 1149 3391 ἣτε
1177 3307 1237 3392 γάρ
1259 3309 1358 3394 βουλὴ

791 3408 846 3472 διὰ
873 3413 982 3474 ταῦτα
1010 3407 1112 3474 αὐτὸν
1145 3406 1269 3495 ἀφῆκε
1302 3415 1357 3474 καὶ

790 3520 918 3596 πραςέτι
951 3515 1006 3575 καὶ
1033 3518 1100 3585 τοῖς
1127 3503 1358 3597 κατηῇὸροις

792 3611 893 3679 αὐτὸν
915 3619 1237 3698 προςιπετίμησε.

279 4054 369 4132 Quae
392 4055 479 4119 lacta
502 4062 584 4135 sunt,
620 4054 716 4118 simili
750 4056 845 4119 modo
876 4062 1058 4120 narrantur.
1105 4057 1243 4121 Tantum
1270 4058 1356 4138 quod

171 4157 213 4220 ad
246 4157 426 4222 orationem
454 4156 600 4220 Terentii
633 4156 758 4235 attinet,
794 4165 930 4239 uterque
963 4177 1054 4222 suurn
1086 4158 1250 4241 ingenium
1283 4178 1355 4226 esse

170 4263 297 4322 secutus
320 4258 457 4322 videtur.
502 4257 571 4323 Nec
594 4258 716 4338 mirum,
741 4260 770 4321 si
785 4258 986 4341 antiquitatis
1001 4260 1156 4326 historico
1178 4260 1225 4326 ita
1248 4262 1354 4344 egisse

172 4378 329 4424 memores
364 4381 479 4439 samue,
518 4367 554 4424 ut
586 4359 781 4425 rhetoricam
813 4360 950 4442 gloriam
984 4361 1229 4444 adipisceretur.
1285 4363 1351 4428 Sed
